@INPROCEEDINGS{srw-015,
   AUTHOR = {Irvine, Ann},
   SORTNAME = {Irvine, Ann},
   TITLE = {Statistical Machine Translation in Low Resource Settings}}
@INPROCEEDINGS{srw-024,
   AUTHOR = {Ganitkevitch, Juri},
   SORTNAME = {Ganitkevitch, Juri},
   TITLE = {Large-Scale Paraphrasing for Natural Language Understanding}}
@INPROCEEDINGS{srw-005,
   AUTHOR = {Holen, Gordana Ilic},
   SORTNAME = {Holen, Gordana Ilic},
   TITLE = {Critical Reflections on Evaluation Practices in Coreference Resolution}}
@INPROCEEDINGS{srw-021,
   AUTHOR = {Ma, Yi},
   SORTNAME = {Ma, Yi},
   TITLE = {User Goal Change Model for Spoken Dialog State Tracking}}
@INPROCEEDINGS{srw-010,
   AUTHOR = {Arcan, Mihael and Buitelaar, Paul},
   SORTNAME = {Arcan, Mihael and Buitelaar, Paul},
   TITLE = {Ontology Label Translation}}
@INPROCEEDINGS{srw-007,
   AUTHOR = {Franky, Franky},
   SORTNAME = {Franky, Franky},
   TITLE = {A Rule-based Approach for Karmina Generation}}
@INPROCEEDINGS{srw-016,
   AUTHOR = {Mason, Rebecca},
   SORTNAME = {Mason, Rebecca},
   TITLE = {Domain-Independent Captioning of Domain-Specific Images}}
@INPROCEEDINGS{srw-020,
   AUTHOR = {Luo, Wencan and Litman, Diane and Chan, Joel},
   SORTNAME = {Luo, Wencan and Litman, Diane and Chan, Joel},
   TITLE = {Reducing Annotation Effort on Unbalanced Corpus based on Cost Matrix}}
@INPROCEEDINGS{srw-012,
   AUTHOR = {Levitan, Rivka},
   SORTNAME = {Levitan, Rivka},
   TITLE = {Entrainment in Spoken Dialogue Systems: Adopting, Predicting and Influencing User Behavior}}
@INPROCEEDINGS{srw-018,
   AUTHOR = {Salameh, Mohammad and Cherry, Colin and Kondrak, Grzegorz},
   SORTNAME = {Salameh, Mohammad and Cherry, Colin and Kondrak, Grzegorz},
   TITLE = {Reversing Morphological Tokenization in English-to-Arabic SMT}}
@INPROCEEDINGS{srw-002,
   AUTHOR = {Stolerman, Ariel and Caliskan, Aylin and Greenstadt, Rachel},
   SORTNAME = {Stolerman, Ariel and Caliskan, Aylin and Greenstadt, Rachel},
   TITLE = {From Language to Family and Back: Native Language and Language Family Identification from English Text}}
@INPROCEEDINGS{srw-014,
   AUTHOR = {Xiong, Wenting},
   SORTNAME = {Xiong, Wenting},
   TITLE = {Helpfulness-Guided Review Summarization}}
@INPROCEEDINGS{srw-008,
   AUTHOR = {Conrado, Merley and Pardo, Thiago and Rezende, Solange},
   SORTNAME = {Conrado, Merley and Pardo, Thiago and Rezende, Solange},
   TITLE = {A Machine Learning Approach to Automatic Term Extraction using a Rich Feature Set}}
