@INPROCEEDINGS{main-001,
   AUTHOR = {Joshi, Salil and Kanojia, Diptesh and Bhattacharyya, Pushpak},
   SORTNAME = {Joshi, Salil and Kanojia, Diptesh and Bhattacharyya, Pushpak},
   TITLE = {More than meets the eye: Study of Human Cognition in Sense Annotation}}
@INPROCEEDINGS{main-106,
   AUTHOR = {Preiss, Judita and Stevenson, Mark},
   SORTNAME = {Preiss, Judita and Stevenson, Mark},
   TITLE = {Unsupervised Domain Tuning to Improve Word Sense Disambiguation}}
@INPROCEEDINGS{main-107,
   AUTHOR = {Song, Hyun-Je and Go, Junho and Park, Seong-Bae and Park, Se-Young},
   SORTNAME = {Song, Hyun-Je and Go, Junho and Park, Seong-Bae and Park, Se-Young},
   TITLE = {A Just-In-Time Keyword Extraction from Meeting Transcripts}}
@INPROCEEDINGS{main-108,
   AUTHOR = {Saggion, Horacio},
   SORTNAME = {Saggion, Horacio},
   TITLE = {Unsupervised Learning Summarization Templates from Concise Summaries}}
@INPROCEEDINGS{main-114,
   AUTHOR = {Chowdhury, Md. Faisal Mahbub and Lavelli, Alberto},
   SORTNAME = {Chowdhury, Md. Faisal Mahbub and Lavelli, Alberto},
   TITLE = {Exploiting the Scope of Negations and Heterogeneous Features for Relation Extraction: A Case Study for Drug-Drug Interaction Extraction}}
@INPROCEEDINGS{main-117,
   AUTHOR = {Xue, Nianwen and Yang, Yaqin},
   SORTNAME = {Xue, Nianwen and Yang, Yaqin},
   TITLE = {Dependency-based empty category detection via phrase structure trees}}
@INPROCEEDINGS{main-118,
   AUTHOR = {Xu, Ying and Kim, Mi-Young and Quinn, Kevin and Goebel, Randy and Barbosa, Denilson},
   SORTNAME = {Xu, Ying and Kim, Mi-Young and Quinn, Kevin and Goebel, Randy and Barbosa, Denilson},
   TITLE = {Open Information Extraction with Tree Kernels}}
@INPROCEEDINGS{main-119,
   AUTHOR = {Guo, Weiwei and Diab, Mona},
   SORTNAME = {Guo, Weiwei and Diab, Mona},
   TITLE = {Improving Lexical Semantics for Sentential Semantics: Modeling Selectional Preference and Similar Words in a Latent Variable Model}}
@INPROCEEDINGS{main-120,
   AUTHOR = {Eisenstein, Jacob},
   SORTNAME = {Eisenstein, Jacob},
   TITLE = {What to do about bad language on the internet}}
@INPROCEEDINGS{main-125,
   AUTHOR = {Riedel, Sebastian and Yao, Limin and McCallum, Andrew and Marlin, Benjamin M.},
   SORTNAME = {Riedel, Sebastian and Yao, Limin and McCallum, Andrew and Marlin, Benjamin M.},
   TITLE = {Relation Extraction with Matrix Factorization and Universal Schemas}}
@INPROCEEDINGS{main-128,
   AUTHOR = {Judd, Joel and Kalita, Jugal},
   SORTNAME = {Judd, Joel and Kalita, Jugal},
   TITLE = {Better Twitter Summaries?}}
@INPROCEEDINGS{main-137,
   AUTHOR = {Rei, Marek and Briscoe, Ted},
   SORTNAME = {Rei, Marek and Briscoe, Ted},
   TITLE = {Parser lexicalisation through self-learning}}
@INPROCEEDINGS{main-155,
   AUTHOR = {Du, Lan and Buntine, Wray and Johnson, Mark},
   SORTNAME = {Du, Lan and Buntine, Wray and Johnson, Mark},
   TITLE = {Topic Segmentation with a Structured Topic Model}}
@INPROCEEDINGS{main-016,
   AUTHOR = {Brooke, Julian and Hirst, Graeme},
   SORTNAME = {Brooke, Julian and Hirst, Graeme},
   TITLE = {A Multi-Dimensional Bayesian Approach to Lexical Style}}
@INPROCEEDINGS{main-160,
   AUTHOR = {Qian, Xian and Liu, Yang},
   SORTNAME = {Qian, Xian and Liu, Yang},
   TITLE = {Disfluency Detection Using Multi-step Stacked Learning}}
@INPROCEEDINGS{main-163,
   AUTHOR = {Min, Bonan and Grishman, Ralph and Wan, Li and Wang, Chang and Gondek, David},
   SORTNAME = {Min, Bonan and Grishman, Ralph and Wan, Li and Wang, Chang and Gondek, David},
   TITLE = {Distant Supervision for Relation Extraction with an Incomplete Knowledge Base}}
@INPROCEEDINGS{main-168,
   AUTHOR = {Shutova, Ekaterina and Sun, Lin},
   SORTNAME = {Shutova, Ekaterina and Sun, Lin},
   TITLE = {Unsupervised Metaphor Identification Using Hierarchical Graph Factorization Clustering}}
@INPROCEEDINGS{main-017,
   AUTHOR = {Recasens, Marta and Can, Matthew and Jurafsky, Daniel},
   SORTNAME = {Recasens, Marta and Can, Matthew and Jurafsky, Daniel},
   TITLE = {Same Referent, Different Words: Unsupervised Mining of Opaque Coreferent Mentions}}
@INPROCEEDINGS{main-174,
   AUTHOR = {Yan, Yulan and Hashimoto, Chikara and Torisawa, Kentaro and Kawai, Takao and Kazama, Jun'ichi and Saeger, Stijn De},
   SORTNAME = {Yan, Yulan and Hashimoto, Chikara and Torisawa, Kentaro and Kawai, Takao and Kazama, Jun'ichi and Saeger, Stijn De},
   TITLE = {Minimally Supervised Method for Multilingual Paraphrase Extraction from Definition Sentences on the Web}}
@INPROCEEDINGS{main-180,
   AUTHOR = {Mirroshandel, Seyed Abolghasem and Nasr, Alexis and Sagot, Benoît},
   SORTNAME = {Mirroshandel, Seyed Abolghasem and Nasr, Alexis and Sagot, Benoit},
   TITLE = {Enforcing Subcategorization Constraints in a Parser Using Sub-parses Recombining}}
@INPROCEEDINGS{main-184,
   AUTHOR = {Haddow, Barry},
   SORTNAME = {Haddow, Barry},
   TITLE = {Applying Pairwise Ranked Optimisation to Improve the Interpolation of Translation Models}}
@INPROCEEDINGS{main-195,
   AUTHOR = {Zulu, Peleira Nicholas},
   SORTNAME = {Zulu, Peleira Nicholas},
   TITLE = {Classification of South African languages using text and acoustic based methods: A case of six selected languages}}
@INPROCEEDINGS{main-197,
   AUTHOR = {Lotan, Amnon and Stern, Asher and Dagan, Ido},
   SORTNAME = {Lotan, Amnon and Stern, Asher and Dagan, Ido},
   TITLE = {TruthTeller: Annotating Predicate Truth}}
@INPROCEEDINGS{main-002,
   AUTHOR = {Garrette, Dan and Baldridge, Jason},
   SORTNAME = {Garrette, Dan and Baldridge, Jason},
   TITLE = {Learning a Part-of-Speech Tagger from Two Hours of Annotation}}
@INPROCEEDINGS{main-020,
   AUTHOR = {Boudin, Florian and Morin, Emmanuel},
   SORTNAME = {Boudin, Florian and Morin, Emmanuel},
   TITLE = {Keyphrase Extraction for N-best Reranking in Multi-Sentence Compression}}
@INPROCEEDINGS{main-206,
   AUTHOR = {Rasooli, Mohammad Sadegh and Kouhestani, Manouchehr and Moloodi, Amirsaeid},
   SORTNAME = {Rasooli, Mohammad Sadegh and Kouhestani, Manouchehr and Moloodi, Amirsaeid},
   TITLE = {Development of a Persian Syntactic Dependency Treebank}}
@INPROCEEDINGS{main-212,
   AUTHOR = {Materna, Jiří},
   SORTNAME = {Materna, Jiri},
   TITLE = {Parameter Estimation for LDA-Frames}}
@INPROCEEDINGS{main-022,
   AUTHOR = {Mansour, Saab and Ney, Hermann},
   SORTNAME = {Mansour, Saab and Ney, Hermann},
   TITLE = {Phrase Training Based Adaptation for Statistical Machine Translation}}
@INPROCEEDINGS{main-221,
   AUTHOR = {Zbib, Rabih and Markiewicz, Gretchen and Matsoukas, Spyros and Schwartz, Richard and Makhoul, John},
   SORTNAME = {Zbib, Rabih and Markiewicz, Gretchen and Matsoukas, Spyros and Schwartz, Richard and Makhoul, John},
   TITLE = {Systematic Comparison of Professional and Crowdsourced Reference Translations for Machine Translation}}
@INPROCEEDINGS{main-223,
   AUTHOR = {Hovy, Dirk and Berg-Kirkpatrick, Taylor and Vaswani, Ashish and Hovy, Eduard},
   SORTNAME = {Hovy, Dirk and Berg-Kirkpatrick, Taylor and Vaswani, Ashish and Hovy, Eduard},
   TITLE = {Learning Whom to Trust with MACE}}
@INPROCEEDINGS{main-225,
   AUTHOR = {Cahill, Aoife and Madnani, Nitin and Tetreault, Joel and Napolitano, Diane},
   SORTNAME = {Cahill, Aoife and Madnani, Nitin and Tetreault, Joel and Napolitano, Diane},
   TITLE = {Robust Systems for Preposition Error Correction Using Wikipedia Revisions}}
@INPROCEEDINGS{main-023,
   AUTHOR = {Lam, Khang Nhut and Kalita, Jugal},
   SORTNAME = {Lam, Khang Nhut and Kalita, Jugal},
   TITLE = {Creating Reverse Bilingual Dictionaries}}
@INPROCEEDINGS{main-233,
   AUTHOR = {Johansson, Richard},
   SORTNAME = {Johansson, Richard},
   TITLE = {Training Parsers on Incompatible Treebanks}}
@INPROCEEDINGS{main-239,
   AUTHOR = {Cohen, Shay B. and Stratos, Karl and Collins, Michael and Foster, Dean P. and Ungar, Lyle},
   SORTNAME = {Cohen, Shay B. and Stratos, Karl and Collins, Michael and Foster, Dean P. and Ungar, Lyle},
   TITLE = {Experiments with Spectral Learning of Latent-Variable PCFGs}}
@INPROCEEDINGS{main-243,
   AUTHOR = {Pilehvar, Mohammad Taher and Navigli, Roberto},
   SORTNAME = {Pilehvar, Mohammad Taher and Navigli, Roberto},
   TITLE = {Paving the Way to a Large-scale Pseudosense-annotated Dataset}}
@INPROCEEDINGS{main-250,
   AUTHOR = {Cohen, Shay B. and Satta, Giorgio and Collins, Michael},
   SORTNAME = {Cohen, Shay B. and Satta, Giorgio and Collins, Michael},
   TITLE = {Approximate PCFG Parsing Using Tensor Decomposition}}
@INPROCEEDINGS{main-264,
   AUTHOR = {Gao, Jianfeng and He, Xiaodong},
   SORTNAME = {Gao, Jianfeng and He, Xiaodong},
   TITLE = {Training MRF-Based Phrase Translation Models using Gradient Ascent}}
@INPROCEEDINGS{main-266,
   AUTHOR = {Aletras, Nikolaos and Stevenson, Mark},
   SORTNAME = {Aletras, Nikolaos and Stevenson, Mark},
   TITLE = {Representing Topics Using Images}}
@INPROCEEDINGS{main-268,
   AUTHOR = {Durrani, Nadir and Fraser, Alexander and Schmid, Helmut},
   SORTNAME = {Durrani, Nadir and Fraser, Alexander and Schmid, Helmut},
   TITLE = {Model With Minimal Translation Units, But Decode With Phrases}}
@INPROCEEDINGS{main-027,
   AUTHOR = {Recasens, Marta and de Marneffe, Marie-Catherine and Potts, Christopher},
   SORTNAME = {Recasens, Marta and de Marneffe, Marie-Catherine and Potts, Christopher},
   TITLE = {The Life and Death of Discourse Entities: Identifying Singleton Mentions}}
@INPROCEEDINGS{main-272,
   AUTHOR = {Heafield, Kenneth and Koehn, Philipp and Lavie, Alon},
   SORTNAME = {Heafield, Kenneth and Koehn, Philipp and Lavie, Alon},
   TITLE = {Grouping Language Model Boundary Words to Speed K–Best Extraction from Hypergraphs}}
@INPROCEEDINGS{main-274,
   AUTHOR = {Wang, Xinhao and Evanini, Keelan and Zechner, Klaus},
   SORTNAME = {Wang, Xinhao and Evanini, Keelan and Zechner, Klaus},
   TITLE = {Coherence Modeling for the Automated Assessment of Spontaneous Spoken Responses}}
@INPROCEEDINGS{main-275,
   AUTHOR = {Eskander, Ramy and Habash, Nizar and Rambow, Owen and Tomeh, Nadi},
   SORTNAME = {Eskander, Ramy and Habash, Nizar and Rambow, Owen and Tomeh, Nadi},
   TITLE = {Processing Spontaneous Orthography}}
@INPROCEEDINGS{main-276,
   AUTHOR = {Cherry, Colin},
   SORTNAME = {Cherry, Colin},
   TITLE = {Improved Reordering for Phrase-Based Translation using Sparse Features}}
@INPROCEEDINGS{main-278,
   AUTHOR = {Alkuhlani, Sarah and Habash, Nizar and Roth, Ryan},
   SORTNAME = {Alkuhlani, Sarah and Habash, Nizar and Roth, Ryan},
   TITLE = {Automatic Morphological Enrichment of a Morphologically Underspecified Treebank}}
@INPROCEEDINGS{main-282,
   AUTHOR = {Che, Wanxiang and Wang, Mengqiu and Manning, Christopher D. and Liu, Ting},
   SORTNAME = {Che, Wanxiang and Wang, Mengqiu and Manning, Christopher D. and Liu, Ting},
   TITLE = {Named Entity Recognition with Bilingual Constraints}}
@INPROCEEDINGS{main-283,
   AUTHOR = {Yang, Yi and Yates, Alexander and Downey, Doug},
   SORTNAME = {Yang, Yi and Yates, Alexander and Downey, Doug},
   TITLE = {Overcoming the Memory Bottleneck in Distributed Training of Latent Variable Models of Text}}
@INPROCEEDINGS{main-289,
   AUTHOR = {Setiawan, Hendra and Zhou, Bowen},
   SORTNAME = {Setiawan, Hendra and Zhou, Bowen},
   TITLE = {Discriminative Training of 150 Million Translation Parameters and Its Application to Pruning}}
@INPROCEEDINGS{main-292,
   AUTHOR = {Thomason, Jesse and Litman, Diane},
   SORTNAME = {Thomason, Jesse and Litman, Diane},
   TITLE = {Differences in User Responses to a Wizard-of-Oz versus Automated System}}
@INPROCEEDINGS{main-293,
   AUTHOR = {Salloum, Wael and Habash, Nizar},
   SORTNAME = {Salloum, Wael and Habash, Nizar},
   TITLE = {Dialectal Arabic to English Machine Translation: Pivoting through Modern Standard Arabic}}
@INPROCEEDINGS{main-300,
   AUTHOR = {Azab, Mahmoud and Bouamor, Houda and Mohit, Behrang and Oflazer, Kemal},
   SORTNAME = {Azab, Mahmoud and Bouamor, Houda and Mohit, Behrang and Oflazer, Kemal},
   TITLE = {Dudley North visits North London: Learning When to Transliterate to Arabic}}
@INPROCEEDINGS{main-305,
   AUTHOR = {Zhila, Alisa and Yih, Wen-tau and Meek, Christopher and Zweig, Geoffrey and Mikolov, Tomas},
   SORTNAME = {Zhila, Alisa and Yih, Wen-tau and Meek, Christopher and Zweig, Geoffrey and Mikolov, Tomas},
   TITLE = {Combining Heterogeneous Models for Measuring Relational Similarity}}
@INPROCEEDINGS{main-306,
   AUTHOR = {Christensen, Janara and Mausam, {} and Soderland, Stephen and Etzioni, Oren},
   SORTNAME = {Christensen, Janara and Mausam, {} and Soderland, Stephen and Etzioni, Oren},
   TITLE = {Towards Coherent Multi-Document Summarization}}
@INPROCEEDINGS{main-307,
   AUTHOR = {Kushman, Nate and Barzilay, Regina},
   SORTNAME = {Kushman, Nate and Barzilay, Regina},
   TITLE = {Using Semantic Unification to Generate Regular Expressions from Natural Language}}
@INPROCEEDINGS{main-308,
   AUTHOR = {Mehdad, Yashar and Carenini, Giuseppe and Ng, Raymond T. and Joty, Shafiq},
   SORTNAME = {Mehdad, Yashar and Carenini, Giuseppe and Ng, Raymond T. and Joty, Shafiq},
   TITLE = {Towards Topic Labeling with Phrase Entailment and Aggregation}}
@INPROCEEDINGS{main-310,
   AUTHOR = {Sayeed, Asad},
   SORTNAME = {Sayeed, Asad},
   TITLE = {An opinion about opinions about opinions: subjectivity and the aggregate reader}}
@INPROCEEDINGS{main-312,
   AUTHOR = {Qiu, Minghui and Jiang, Jing},
   SORTNAME = {Qiu, Minghui and Jiang, Jing},
   TITLE = {A Latent Variable Model for Viewpoint Discovery from Threaded Forum Posts}}
@INPROCEEDINGS{main-313,
   AUTHOR = {Ott, Myle and Cardie, Claire and Hancock, Jeffrey T.},
   SORTNAME = {Ott, Myle and Cardie, Claire and Hancock, Jeffrey T.},
   TITLE = {Negative Deceptive Opinion Spam}}
@INPROCEEDINGS{main-314,
   AUTHOR = {Xu, Jun-Ming and Burchfiel, Benjamin and Zhu, Xiaojin and Bellmore, Amy},
   SORTNAME = {Xu, Jun-Ming and Burchfiel, Benjamin and Zhu, Xiaojin and Bellmore, Amy},
   TITLE = {An Examination of Regret in Bullying Tweets}}
@INPROCEEDINGS{main-317,
   AUTHOR = {Paul, Michael J. and Dredze, Mark},
   SORTNAME = {Paul, Michael J. and Dredze, Mark},
   TITLE = {Drug Extraction from the Web: Summarizing Drug Experiences with Multi-Dimensional Topic Models}}
@INPROCEEDINGS{main-319,
   AUTHOR = {Zhang, Hui and Toutanova, Kristina and Quirk, Chris and Gao, Jianfeng},
   SORTNAME = {Zhang, Hui and Toutanova, Kristina and Quirk, Chris and Gao, Jianfeng},
   TITLE = {Beyond Left-to-Right: Multiple Decomposition Structures for SMT}}
@INPROCEEDINGS{main-325,
   AUTHOR = {Szarvas, György and Biemann, Chris and Gurevych, Iryna},
   SORTNAME = {Szarvas, Gyorgy and Biemann, Chris and Gurevych, Iryna},
   TITLE = {Supervised All-Words Lexical Substitution using Delexicalized Features}}
@INPROCEEDINGS{main-328,
   AUTHOR = {Vogel, Adam and Bodoia, Max and Potts, Christopher and Jurafsky, Daniel},
   SORTNAME = {Vogel, Adam and Bodoia, Max and Potts, Christopher and Jurafsky, Daniel},
   TITLE = {Emergence of Gricean Maxims from Multi-Agent Decision Theory}}
@INPROCEEDINGS{main-329,
   AUTHOR = {Wang, Wen and Stolcke, Andreas and Yuan, Jiahong and Liberman, Mark},
   SORTNAME = {Wang, Wen and Stolcke, Andreas and Yuan, Jiahong and Liberman, Mark},
   TITLE = {A Cross-language Study on Automatic Speech Disfluency Detection}}
@INPROCEEDINGS{main-330,
   AUTHOR = {Shen, Chao and Liu, Fei and Weng, Fuliang and Li, Tao},
   SORTNAME = {Shen, Chao and Liu, Fei and Weng, Fuliang and Li, Tao},
   TITLE = {A Participant-based Approach for Event Summarization Using Twitter Streams}}
@INPROCEEDINGS{main-331,
   AUTHOR = {Hou, Yufang and Markert, Katja and Strube, Michael},
   SORTNAME = {Hou, Yufang and Markert, Katja and Strube, Michael},
   TITLE = {Global Inference for Bridging Anaphora Resolution}}
@INPROCEEDINGS{main-332,
   AUTHOR = {Hauer, Bradley and Kondrak, Grzegorz},
   SORTNAME = {Hauer, Bradley and Kondrak, Grzegorz},
   TITLE = {Automatic Generation of English Respellings}}
@INPROCEEDINGS{main-336,
   AUTHOR = {McKenzie, Amber},
   SORTNAME = {McKenzie, Amber},
   TITLE = {Focused training sets to reduce noise in NER feature models}}
@INPROCEEDINGS{main-337,
   AUTHOR = {Blacoe, William and Kashefi, Elham and Lapata, Mirella},
   SORTNAME = {Blacoe, William and Kashefi, Elham and Lapata, Mirella},
   TITLE = {A Quantum-Theoretic Approach to Distributional Semantics}}
@INPROCEEDINGS{main-340,
   AUTHOR = {Irvine, Ann and Callison-Burch, Chris},
   SORTNAME = {Irvine, Ann and Callison-Burch, Chris},
   TITLE = {Supervised Bilingual Lexicon Induction with Multiple Monolingual Signals}}
@INPROCEEDINGS{main-345,
   AUTHOR = {Wu, Zhaohui and Giles, C. Lee},
   SORTNAME = {Wu, Zhaohui and Giles, C. Lee},
   TITLE = {Measuring Term Informativeness in Context}}
@INPROCEEDINGS{main-351,
   AUTHOR = {Violante, Luisina and Rodríguez Zivic, Pablo and Gravano, Agustín},
   SORTNAME = {Violante, Luisina and Rodriguez Zivic, Pablo and Gravano, Agustin},
   TITLE = {Improving speech synthesis quality by reducing pitch peaks in the source recordings}}
@INPROCEEDINGS{main-353,
   AUTHOR = {Çelebi, Arda and Saraçlar, Murat},
   SORTNAME = {Celebi, Arda and Saraclar, Murat},
   TITLE = {Semi-Supervised Discriminative Language Modeling with Out-of-Domain Text Data}}
@INPROCEEDINGS{main-360,
   AUTHOR = {Hixon, Ben and Passonneau, Rebecca J.},
   SORTNAME = {Hixon, Ben and Passonneau, Rebecca J.},
   TITLE = {Open Dialogue Management for Relational Databases}}
@INPROCEEDINGS{main-361,
   AUTHOR = {Rangarajan Sridhar, Vivek Kumar and Chen, John and Bangalore, Srinivas and Ljolje, Andrej and Chengalvarayan, Rathinavelu},
   SORTNAME = {Rangarajan Sridhar, Vivek Kumar and Chen, John and Bangalore, Srinivas and Ljolje, Andrej and Chengalvarayan, Rathinavelu},
   TITLE = {Segmentation Strategies for Streaming Speech Translation}}
@INPROCEEDINGS{main-363,
   AUTHOR = {Naim, Iftekhar and Gildea, Daniel and Lasecki, Walter and Bigham, Jeffrey P.},
   SORTNAME = {Naim, Iftekhar and Gildea, Daniel and Lasecki, Walter and Bigham, Jeffrey P.},
   TITLE = {Text Alignment for Real-Time Crowd Captioning}}
@INPROCEEDINGS{main-366,
   AUTHOR = {King, Ben and Abney, Steven},
   SORTNAME = {King, Ben and Abney, Steven},
   TITLE = {Labeling the Languages of Words in Mixed-Language Documents using Weakly Supervised Methods}}
@INPROCEEDINGS{main-367,
   AUTHOR = {Yao, Xuchen and Van Durme, Benjamin and Callison-Burch, Chris and Clark, Peter},
   SORTNAME = {Yao, Xuchen and Van Durme, Benjamin and Callison-Burch, Chris and Clark, Peter},
   TITLE = {Answer Extraction as Sequence Tagging with Tree Edit Distance}}
@INPROCEEDINGS{main-369,
   AUTHOR = {Luo, Xiaoqiang and Raghavan, Hema and Castelli, Vittorio and Maskey, Sameer and Florian, Radu},
   SORTNAME = {Luo, Xiaoqiang and Raghavan, Hema and Castelli, Vittorio and Maskey, Sameer and Florian, Radu},
   TITLE = {Finding What Matters in Questions}}
@INPROCEEDINGS{main-037,
   AUTHOR = {Mikolov, Tomas and Yih, Wen-tau and Zweig, Geoffrey},
   SORTNAME = {Mikolov, Tomas and Yih, Wen-tau and Zweig, Geoffrey},
   TITLE = {Linguistic Regularities in Continuous Space Word Representations}}
@INPROCEEDINGS{main-370,
   AUTHOR = {Doyle, Gabriel and Levy, Roger},
   SORTNAME = {Doyle, Gabriel and Levy, Roger},
   TITLE = {Combining multiple information types in Bayesian word segmentation}}
@INPROCEEDINGS{main-372,
   AUTHOR = {Li, Junhui and Resnik, Philip and Daumé III, Hal},
   SORTNAME = {Li, Junhui and Resnik, Philip and Daume III, Hal},
   TITLE = {Modeling Syntactic and Semantic Structures in Hierarchical Phrase-based Translation}}
@INPROCEEDINGS{main-375,
   AUTHOR = {Lamb, Alex and Paul, Michael J. and Dredze, Mark},
   SORTNAME = {Lamb, Alex and Paul, Michael J. and Dredze, Mark},
   TITLE = {Separating Fact from Fear: Tracking Flu Infections on Twitter}}
@INPROCEEDINGS{main-377,
   AUTHOR = {Swanson, Ben and Charniak, Eugene},
   SORTNAME = {Swanson, Ben and Charniak, Eugene},
   TITLE = {Extracting the Native Language Signal for Second Language Acquisition}}
@INPROCEEDINGS{main-378,
   AUTHOR = {Bergsma, Shane and Dredze, Mark and Van Durme, Benjamin and Wilson, Theresa and Yarowsky, David},
   SORTNAME = {Bergsma, Shane and Dredze, Mark and Van Durme, Benjamin and Wilson, Theresa and Yarowsky, David},
   TITLE = {Broadly Improving User Classification via Communication-Based Name and Location Clustering on Twitter}}
@INPROCEEDINGS{main-385,
   AUTHOR = {Ma, Wei-Yun and McKeown, Kathleen},
   SORTNAME = {Ma, Wei-Yun and McKeown, Kathleen},
   TITLE = {Using a Supertagged Dependency Language Model to Select a Good Translation in System Combination}}
@INPROCEEDINGS{main-390,
   AUTHOR = {Zhao, Kai and Huang, Liang},
   SORTNAME = {Zhao, Kai and Huang, Liang},
   TITLE = {Minibatch and Parallelization for Online Large Margin Structured Learning}}
@INPROCEEDINGS{main-392,
   AUTHOR = {Schneider, Nathan and Mohit, Behrang and Dyer, Chris and Oflazer, Kemal and Smith, Noah A.},
   SORTNAME = {Schneider, Nathan and Mohit, Behrang and Dyer, Chris and Oflazer, Kemal and Smith, Noah A.},
   TITLE = {Supersense Tagging for Arabic: the MT-in-the-Middle Attack}}
@INPROCEEDINGS{main-393,
   AUTHOR = {Flanigan, Jeffrey and Dyer, Chris and Carbonell, Jaime},
   SORTNAME = {Flanigan, Jeffrey and Dyer, Chris and Carbonell, Jaime},
   TITLE = {Large-Scale Discriminative Training for Statistical Machine Translation Using Held-Out Line Search}}
@INPROCEEDINGS{main-396,
   AUTHOR = {Chen, Boxing and Foster, George and Kuhn, Roland},
   SORTNAME = {Chen, Boxing and Foster, George and Kuhn, Roland},
   TITLE = {Adaptation of Reordering Models for Statistical Machine Translation}}
@INPROCEEDINGS{main-397,
   AUTHOR = {Wang, Pidong and Ng, Hwee Tou},
   SORTNAME = {Wang, Pidong and Ng, Hwee Tou},
   TITLE = {A Beam-Search Decoder for Normalization of Social Media Text with Application to Machine Translation}}
@INPROCEEDINGS{main-004,
   AUTHOR = {Wiegand, Michael and Ruppenhofer, Josef and Klakow, Dietrich},
   SORTNAME = {Wiegand, Michael and Ruppenhofer, Josef and Klakow, Dietrich},
   TITLE = {Predicative Adjectives: An Unsupervised Criterion to Extract Subjective Adjectives}}
@INPROCEEDINGS{main-400,
   AUTHOR = {Joshi, Mahesh and Dredze, Mark and Cohen, William W. and Rosé, Carolyn P.},
   SORTNAME = {Joshi, Mahesh and Dredze, Mark and Cohen, William W. and Rose, Carolyn P.},
   TITLE = {What’s in a Domain? Multi-Domain Learning for Multi-Attribute Data}}
@INPROCEEDINGS{main-401,
   AUTHOR = {DeVault, David and Traum, David},
   SORTNAME = {DeVault, David and Traum, David},
   TITLE = {A method for the approximation of incremental understanding of explicit utterance meaning using predictive models in finite domains}}
@INPROCEEDINGS{main-402,
   AUTHOR = {Yatskar, Mark and Volkova, Svitlana and Celikyilmaz, Asli and Dolan, Bill and Zettlemoyer, Luke},
   SORTNAME = {Yatskar, Mark and Volkova, Svitlana and Celikyilmaz, Asli and Dolan, Bill and Zettlemoyer, Luke},
   TITLE = {Learning to Relate Literal and Sentimental Descriptions of Visual Properties}}
@INPROCEEDINGS{main-404,
   AUTHOR = {Rouhizadeh, Masoud and Prud'hommeaux, Emily and Roark, Brian and van Santen, Jan},
   SORTNAME = {Rouhizadeh, Masoud and Prud'hommeaux, Emily and Roark, Brian and van Santen, Jan},
   TITLE = {Distributional semantic models for the evaluation of disordered language}}
@INPROCEEDINGS{main-408,
   AUTHOR = {Mitchell, Margaret and van Deemter, Kees and Reiter, Ehud},
   SORTNAME = {Mitchell, Margaret and van Deemter, Kees and Reiter, Ehud},
   TITLE = {Generating Expressions that Refer to Visible Objects}}
@INPROCEEDINGS{main-409,
   AUTHOR = {Guo, Stephen and Chang, Ming-Wei and Kiciman, Emre},
   SORTNAME = {Guo, Stephen and Chang, Ming-Wei and Kiciman, Emre},
   TITLE = {To Link or Not to Link? A Study on End-to-End Tweet Entity Linking}}
@INPROCEEDINGS{main-410,
   AUTHOR = {Hanneman, Greg and Lavie, Alon},
   SORTNAME = {Hanneman, Greg and Lavie, Alon},
   TITLE = {Improving Syntax-Augmented Machine Translation by Coarsening the Label Set}}
@INPROCEEDINGS{main-417,
   AUTHOR = {Kokhlikyan, Narine and Waibel, Alex and Zhang, Yuqi and Zhang, Joy Ying},
   SORTNAME = {Kokhlikyan, Narine and Waibel, Alex and Zhang, Yuqi and Zhang, Joy Ying},
   TITLE = {Measuring the Structural Importance through Rhetorical Structure Index}}
@INPROCEEDINGS{main-419,
   AUTHOR = {Eyigöz, Elif and Gildea, Daniel and Oflazer, Kemal},
   SORTNAME = {Eyigoz, Elif and Gildea, Daniel and Oflazer, Kemal},
   TITLE = {Simultaneous Word-Morpheme Alignment for Statistical Machine Translation}}
@INPROCEEDINGS{main-420,
   AUTHOR = {He, Hua and Lin, Jimmy and Lopez, Adam},
   SORTNAME = {He, Hua and Lin, Jimmy and Lopez, Adam},
   TITLE = {Massively Parallel Suffix Array Queries and On-Demand Phrase Extraction for Statistical Machine Translation Using GPUs}}
@INPROCEEDINGS{main-421,
   AUTHOR = {Durrett, Greg and DeNero, John},
   SORTNAME = {Durrett, Greg and DeNero, John},
   TITLE = {Supervised Learning of Complete Morphological Paradigms}}
@INPROCEEDINGS{main-429,
   AUTHOR = {Lehr, Maider and Shafran, Izhak and Prud'hommeaux, Emily and Roark, Brian},
   SORTNAME = {Lehr, Maider and Shafran, Izhak and Prud'hommeaux, Emily and Roark, Brian},
   TITLE = {Discriminative Joint Modeling of Lexical Variation and Acoustic Confusion for Automated Narrative Retelling Assessment}}
@INPROCEEDINGS{main-431,
   AUTHOR = {Owoputi, Olutobi and O'Connor, Brendan and Dyer, Chris and Gimpel, Kevin and Schneider, Nathan and Smith, Noah A.},
   SORTNAME = {Owoputi, Olutobi and O'Connor, Brendan and Dyer, Chris and Gimpel, Kevin and Schneider, Nathan and Smith, Noah A.},
   TITLE = {Improved Part-of-Speech Tagging for Online Conversational Text with Word Clusters}}
@INPROCEEDINGS{main-432,
   AUTHOR = {Chahuneau, Victor and Smith, Noah A. and Dyer, Chris},
   SORTNAME = {Chahuneau, Victor and Smith, Noah A. and Dyer, Chris},
   TITLE = {Knowledge-Rich Morphological Priors for Bayesian Language Models}}
@INPROCEEDINGS{main-434,
   AUTHOR = {Ganitkevitch, Juri and Van Durme, Benjamin and Callison-Burch, Chris},
   SORTNAME = {Ganitkevitch, Juri and Van Durme, Benjamin and Callison-Burch, Chris},
   TITLE = {PPDB: The Paraphrase Database}}
@INPROCEEDINGS{main-438,
   AUTHOR = {Lee, Heeyoung and Stolcke, Andreas and Shriberg, Elizabeth},
   SORTNAME = {Lee, Heeyoung and Stolcke, Andreas and Shriberg, Elizabeth},
   TITLE = {Using Out-of-Domain Data for Lexical Addressee Detection in Human-Human-Computer Dialog}}
@INPROCEEDINGS{main-441,
   AUTHOR = {Huang, Ruihong and Riloff, Ellen},
   SORTNAME = {Huang, Ruihong and Riloff, Ellen},
   TITLE = {Multi-faceted Event Recognition with Bootstrapped Dictionaries}}
@INPROCEEDINGS{main-442,
   AUTHOR = {Wei, Kai and Liu, Yuzong and Kirchhoff, Katrin and Bilmes, Jeff},
   SORTNAME = {Wei, Kai and Liu, Yuzong and Kirchhoff, Katrin and Bilmes, Jeff},
   TITLE = {Using Document Summarization Techniques for Speech Data Subset Selection}}
@INPROCEEDINGS{main-444,
   AUTHOR = {Andrade, Daniel and Tsuchida, Masaki and Onishi, Takashi and Ishikawa, Kai},
   SORTNAME = {Andrade, Daniel and Tsuchida, Masaki and Onishi, Takashi and Ishikawa, Kai},
   TITLE = {Translation Acquisition Using Synonym Sets}}
@INPROCEEDINGS{main-446,
   AUTHOR = {Silcox, Lucian and Tomai, Emmett},
   SORTNAME = {Silcox, Lucian and Tomai, Emmett},
   TITLE = {Identification of Temporal Event Relationships in Biographical Accounts}}
@INPROCEEDINGS{main-449,
   AUTHOR = {Jurgens, David},
   SORTNAME = {Jurgens, David},
   TITLE = {Embracing Ambiguity: A Comparison of Annotation Methodologies for Crowdsourcing Word Sense Labels}}
@INPROCEEDINGS{main-455,
   AUTHOR = {Medero, Julie and Ostendorf, Mari},
   SORTNAME = {Medero, Julie and Ostendorf, Mari},
   TITLE = {Atypical Prosodic Structure as an Indicator of Reading Level and Text Difficulty}}
@INPROCEEDINGS{main-457,
   AUTHOR = {Qiu, Minghui and Yang, Liu and Jiang, Jing},
   SORTNAME = {Qiu, Minghui and Yang, Liu and Jiang, Jing},
   TITLE = {Mining User Relations from Online Discussions using Sentiment Analysis and Probabilistic Matrix Factorization}}
@INPROCEEDINGS{main-046,
   AUTHOR = {Lang, Joel and Henderson, James},
   SORTNAME = {Lang, Joel and Henderson, James},
   TITLE = {Graph-Based Seed Set Expansion for Relation Extraction Using Random Walk Hitting Times}}
@INPROCEEDINGS{main-460,
   AUTHOR = {D'Souza, Jennifer and Ng, Vincent},
   SORTNAME = {D'Souza, Jennifer and Ng, Vincent},
   TITLE = {Classifying Temporal Relations with Rich Linguistic Knowledge}}
@INPROCEEDINGS{main-462,
   AUTHOR = {Omuya, Adinoyi and Prabhakaran, Vinodkumar and Rambow, Owen},
   SORTNAME = {Omuya, Adinoyi and Prabhakaran, Vinodkumar and Rambow, Owen},
   TITLE = {Improving the Quality of Minority Class Identification in Dialog Act Tagging}}
@INPROCEEDINGS{main-463,
   AUTHOR = {Sankaran, Baskaran and Sarkar, Anoop and Duh, Kevin},
   SORTNAME = {Sankaran, Baskaran and Sarkar, Anoop and Duh, Kevin},
   TITLE = {Multi-Metric Optimization Using Ensemble Tuning}}
@INPROCEEDINGS{main-467,
   AUTHOR = {Abu-Jbara, Amjad and Ezra, Jefferson and Radev, Dragomir},
   SORTNAME = {Abu-Jbara, Amjad and Ezra, Jefferson and Radev, Dragomir},
   TITLE = {Purpose and Polarity of Citation: Towards NLP-based Bibliometrics}}
@INPROCEEDINGS{main-468,
   AUTHOR = {Cheung, Jackie Chi Kit and Poon, Hoifung and Vanderwende, Lucy},
   SORTNAME = {Cheung, Jackie Chi Kit and Poon, Hoifung and Vanderwende, Lucy},
   TITLE = {Probabilistic Frame Induction}}
@INPROCEEDINGS{main-047,
   AUTHOR = {Dyer, Chris and Chahuneau, Victor and Smith, Noah A.},
   SORTNAME = {Dyer, Chris and Chahuneau, Victor and Smith, Noah A.},
   TITLE = {A Simple, Fast, and Effective Reparameterization of IBM Model 2}}
@INPROCEEDINGS{main-474,
   AUTHOR = {van Schijndel, Marten and Schuler, William},
   SORTNAME = {van Schijndel, Marten and Schuler, William},
   TITLE = {An Analysis of Frequency- and Memory-Based Processing Costs}}
@INPROCEEDINGS{main-475,
   AUTHOR = {Kim, Young-Bum and Snyder, Benjamin},
   SORTNAME = {Kim, Young-Bum and Snyder, Benjamin},
   TITLE = {Optimal Data Set Selection: An Application to Grapheme-to-Phoneme Conversion}}
@INPROCEEDINGS{main-049,
   AUTHOR = {Remus, Steffen and Biemann, Chris},
   SORTNAME = {Remus, Steffen and Biemann, Chris},
   TITLE = {Three Knowledge-Free Methods for Automatic Lexical Chain Extraction}}
@INPROCEEDINGS{main-057,
   AUTHOR = {Ultes, Stefan and Schmitt, Alexander and Minker, Wolfgang},
   SORTNAME = {Ultes, Stefan and Schmitt, Alexander and Minker, Wolfgang},
   TITLE = {On Quality Ratings for Spoken Dialogue Systems -- Experts vs. Users}}
@INPROCEEDINGS{main-062,
   AUTHOR = {Gal, Yarin and Blunsom, Phil},
   SORTNAME = {Gal, Yarin and Blunsom, Phil},
   TITLE = {A Systematic Bayesian Treatment of the IBM Alignment Models}}
@INPROCEEDINGS{main-065,
   AUTHOR = {Guo, Yufan and Reichart, Roi and Korhonen, Anna},
   SORTNAME = {Guo, Yufan and Reichart, Roi and Korhonen, Anna},
   TITLE = {Improved Information Structure Analysis of Scientific Documents Through Discourse and Lexical Constraints}}
@INPROCEEDINGS{main-066,
   AUTHOR = {Kulick, Seth and Bies, Ann and Mott, Justin and Maamouri, Mohamed and Santorini, Beatrice and Kroch, Anthony},
   SORTNAME = {Kulick, Seth and Bies, Ann and Mott, Justin and Maamouri, Mohamed and Santorini, Beatrice and Kroch, Anthony},
   TITLE = {Using Derivation Trees for Informative Treebank Inter-Annotator Agreement Evaluation}}
@INPROCEEDINGS{main-007,
   AUTHOR = {Täckström, Oscar and McDonald, Ryan and Nivre, Joakim},
   SORTNAME = {Tackstrom, Oscar and McDonald, Ryan and Nivre, Joakim},
   TITLE = {Target Language Adaptation of Discriminative Transfer Parsers}}
@INPROCEEDINGS{main-070,
   AUTHOR = {Søgaard, Anders},
   SORTNAME = {Søgaard, Anders},
   TITLE = {Estimating effect size across datasets}}
@INPROCEEDINGS{main-071,
   AUTHOR = {Søgaard, Anders},
   SORTNAME = {Søgaard, Anders},
   TITLE = {Zipfian corruptions for robust POS tagging}}
@INPROCEEDINGS{main-072,
   AUTHOR = {Elming, Jakob and Johannsen, Anders and Klerke, Sigrid and Lapponi, Emanuele and Martinez Alonso, Hector and Søgaard, Anders},
   SORTNAME = {Elming, Jakob and Johannsen, Anders and Klerke, Sigrid and Lapponi, Emanuele and Martinez Alonso, Hector and Søgaard, Anders},
   TITLE = {Down-stream effects of tree-to-dependency conversions}}
@INPROCEEDINGS{main-074,
   AUTHOR = {Van de Cruys, Tim and Poibeau, Thierry and Korhonen, Anna},
   SORTNAME = {Van de Cruys, Tim and Poibeau, Thierry and Korhonen, Anna},
   TITLE = {A Tensor-based Factorization Model of Semantic Compositionality}}
@INPROCEEDINGS{main-075,
   AUTHOR = {Habash, Nizar and Roth, Ryan and Rambow, Owen and Eskander, Ramy and Tomeh, Nadi},
   SORTNAME = {Habash, Nizar and Roth, Ryan and Rambow, Owen and Eskander, Ramy and Tomeh, Nadi},
   TITLE = {Morphological Analysis and Disambiguation for Dialectal Arabic}}
@INPROCEEDINGS{main-076,
   AUTHOR = {Chen, Zhiyuan and Liu, Bing and Hsu, Meichun and Castellanos, Malu and Ghosh, Riddhiman},
   SORTNAME = {Chen, Zhiyuan and Liu, Bing and Hsu, Meichun and Castellanos, Malu and Ghosh, Riddhiman},
   TITLE = {Identifying Intention Posts in Discussion Forums}}
@INPROCEEDINGS{main-082,
   AUTHOR = {Vulić, Ivan and Moens, Marie-Francine},
   SORTNAME = {Vulic, Ivan and Moens, Marie-Francine},
   TITLE = {Cross-Lingual Semantic Similarity of Words as the Similarity of Their Semantic Word Responses}}
@INPROCEEDINGS{main-089,
   AUTHOR = {Khapra, Mitesh M. and Ramanathan, Ananthakrishnan and Visweswariah, Karthik},
   SORTNAME = {Khapra, Mitesh M. and Ramanathan, Ananthakrishnan and Visweswariah, Karthik},
   TITLE = {Improving reordering performance using higher order and structural features}}
@INPROCEEDINGS{main-095,
   AUTHOR = {Yu, Mo and Zhao, Tiejun and Dong, Daxiang and Tian, Hao and Yu, Dianhai},
   SORTNAME = {Yu, Mo and Zhao, Tiejun and Dong, Daxiang and Tian, Hao and Yu, Dianhai},
   TITLE = {Compound Embedding Features for Semi-supervised Learning}}
@INPROCEEDINGS{main-098,
   AUTHOR = {Trivedi, Rakshit and Eisenstein, Jacob},
   SORTNAME = {Trivedi, Rakshit and Eisenstein, Jacob},
   TITLE = {Discourse Connectors for Latent Subjectivity in Sentiment Analysis}}
