@INPROCEEDINGS{CLfL-001,
   AUTHOR = {Brooke, Julian and Hirst, Graeme and Hammond, Adam},
   SORTNAME = {Brooke, Julian and Hirst, Graeme and Hammond, Adam},
   TITLE = {Clustering Voices in The Waste Land}}
@INPROCEEDINGS{CLfL-011,
   AUTHOR = {Almuhareb, Abdulrahman and Alkharashi, Ibrahim and AL Saud, Lama and Altuwaijri, Haya},
   SORTNAME = {Almuhareb, Abdulrahman and Alkharashi, Ibrahim and AL Saud, Lama and Altuwaijri, Haya},
   TITLE = {Recognition of Classical Arabic Poems}}
@INPROCEEDINGS{CLfL-012,
   AUTHOR = {Fournier, Chris},
   SORTNAME = {Fournier, Chris},
   TITLE = {An initial study of topical poetry segmentation}}
@INPROCEEDINGS{CLfL-015,
   AUTHOR = {Voigt, Rob and Jurafsky, Dan},
   SORTNAME = {Voigt, Rob and Jurafsky, Dan},
   TITLE = {Tradition and Modernity in 20th Century Chinese Poetry}}
@INPROCEEDINGS{CLfL-003,
   AUTHOR = {Rauscher, Janneke and Swiezinski, Leonard and Riedl, Martin and Biemann, Chris},
   SORTNAME = {Rauscher, Janneke and Swiezinski, Leonard and Riedl, Martin and Biemann, Chris},
   TITLE = {Exploring Cities in Crime: Significant Concordance and Co-occurrence in Quantitative Literary Analysis}}
@INPROCEEDINGS{CLfL-004,
   AUTHOR = {Hammond, Adam and Brooke, Julian and Hirst, Graeme},
   SORTNAME = {Hammond, Adam and Brooke, Julian and Hirst, Graeme},
   TITLE = {A Tale of Two Cultures: Bringing Literary Analysis and Computational Linguistics Together}}
@INPROCEEDINGS{CLfL-005,
   AUTHOR = {Asgari, Ehsaneddin and Chappelier, Jean-Cedric},
   SORTNAME = {Asgari, Ehsaneddin and Chappelier, Jean-Cedric},
   TITLE = {Linguistic Resources and Topic Models for the Analysis of Persian Poems}}
@INPROCEEDINGS{CLfL-006,
   AUTHOR = {Jautze, Kim and Koolen, Corina and van Cranenburgh, Andreas and de Jong, Hayco},
   SORTNAME = {Jautze, Kim and Koolen, Corina and van Cranenburgh, Andreas and de Jong, Hayco},
   TITLE = {From high heels to weed attics: a syntactic investigation of chick lit and literature}}
@INPROCEEDINGS{CLfL-007,
   AUTHOR = {Lessard, Greg and Levison, Michael},
   SORTNAME = {Lessard, Greg and Levison, Michael},
   TITLE = {Groundhog DAG: Representing Semantic Repetition in Literary Narratives}}
@INPROCEEDINGS{CLfL-009,
   AUTHOR = {Boot, Peter},
   SORTNAME = {Boot, Peter},
   TITLE = {The desirability of a corpus of online book responses}}
