@INPROCEEDINGS{MWE2013-011,
   AUTHOR = {Kopotev, Mikhail and Pivovarova, Lidia and Kochetkova, Natalia and Yangarber, Roman},
   SORTNAME = {Kopotev, Mikhail and Pivovarova, Lidia and Kochetkova, Natalia and Yangarber, Roman},
   TITLE = {Automatic Detection of Stable Grammatical Features in N-Grams}}
@INPROCEEDINGS{MWE2013-012,
   AUTHOR = {Uresova, Zdenka and Hajic, Jan and Fucikova, Eva and Sindlerova, Jana},
   SORTNAME = {Uresova, Zdenka and Hajic, Jan and Fucikova, Eva and Sindlerova, Jana},
   TITLE = {An Analysis of Annotation of Verb-Noun Idiomatic Combinations in a Parallel Dependency Corpus}}
@INPROCEEDINGS{MWE2013-013,
   AUTHOR = {Manrique-Losada, Bell and Zapata-Jaramillo, Carlos M. and Burgos, Diego A.},
   SORTNAME = {Manrique-Losada, Bell and Zapata-Jaramillo, Carlos M. and Burgos, Diego A.},
   TITLE = {Exploring {MWE}s for Knowledge Acquisition from Corporate Technical Documents}}
@INPROCEEDINGS{MWE2013-014,
   AUTHOR = {Bejček, Eduard and Stranak, Pavel and Pecina, Pavel},
   SORTNAME = {Bejcek, Eduard and Stranak, Pavel and Pecina, Pavel},
   TITLE = {Syntactic Identification of Occurrences of Multiword Expressions in Text using a Lexicon with Dependency Structures}}
@INPROCEEDINGS{MWE2013-016,
   AUTHOR = {Shigeto, Yutaro and Azuma, Ai and Hisamoto, Sorami and Kondo, Shuhei and Kouse, Tomoya and Sakaguchi, Keisuke and Yoshimoto, Akifumi and Yung, Frances and Matsumoto, Yuji},
   SORTNAME = {Shigeto, Yutaro and Azuma, Ai and Hisamoto, Sorami and Kondo, Shuhei and Kouse, Tomoya and Sakaguchi, Keisuke and Yoshimoto, Akifumi and Yung, Frances and Matsumoto, Yuji},
   TITLE = {Construction of {E}nglish {MWE} Dictionary and its Application to {POS} Tagging}}
@INPROCEEDINGS{MWE2013-017,
   AUTHOR = {Samvelian, Pollet and Faghiri, Pegah},
   SORTNAME = {Samvelian, Pollet and Faghiri, Pegah},
   TITLE = {Introducing {P}ers{P}red, a Syntactic and Semantic Database for {P}ersian Complex Predicates}}
@INPROCEEDINGS{MWE2013-019,
   AUTHOR = {Antunes, Sandra and Mendes, Amália},
   SORTNAME = {Antunes, Sandra and Mendes, Amalia},
   TITLE = {MWE in Portuguese: Proposal for a Typology  for Annotation in Running Text}}
@INPROCEEDINGS{MWE2013-002,
   AUTHOR = {Gurrutxaga, Antton and Alegria, Iñaki},
   SORTNAME = {Gurrutxaga, Antton and Alegria, Inaki},
   TITLE = {Combining Different Features of Idiomaticity for the Automatic Classification of Noun+Verb Expressions in {B}asque}}
@INPROCEEDINGS{MWE2013-020,
   AUTHOR = {Krčmář, Lubomír and Ježek, Karel and Pecina, Pavel},
   SORTNAME = {Krcmar, Lubomir and Jezek, Karel and Pecina, Pavel},
   TITLE = {Determining Compositionality of Word Expressions Using Word Space Models}}
@INPROCEEDINGS{MWE2013-021,
   AUTHOR = {Bungum, Lars and Gambäck, Björn and Lynum, André and Marsi, Erwin},
   SORTNAME = {Bungum, Lars and Gamback, Bjorn and Lynum, Andre and Marsi, Erwin},
   TITLE = {Improving Word Translation Disambiguation by Capturing Multiword Expressions with Dictionaries}}
@INPROCEEDINGS{MWE2013-022,
   AUTHOR = {Sanches Duran, Magali and Scarton, Carolina Evaristo and Aluísio, Sandra Maria and Ramisch, Carlos},
   SORTNAME = {Sanches Duran, Magali and Scarton, Carolina Evaristo and Aluisio, Sandra Maria and Ramisch, Carlos},
   TITLE = {Identifying Pronominal Verbs: Towards Automatic Disambiguation of the Clitic 'se' in {P}ortuguese}}
@INPROCEEDINGS{MWE2013-023,
   AUTHOR = {Roller, Stephen and Schulte im Walde, Sabine and Scheible, Silke},
   SORTNAME = {Roller, Stephen and Schulte im Walde, Sabine and Scheible, Silke},
   TITLE = {The (Un)expected Effects of Applying Standard Cleansing Models to Human Ratings on Compositionality}}
@INPROCEEDINGS{MWE2013-026,
   AUTHOR = {Nissim, Malvina and Zaninello, Andrea},
   SORTNAME = {Nissim, Malvina and Zaninello, Andrea},
   TITLE = {A Repository of Variation Patterns for Multiword Expressions}}
@INPROCEEDINGS{MWE2013-028,
   AUTHOR = {Berlanda, Sara},
   SORTNAME = {Berlanda, Sara},
   TITLE = {Constructional Intensifying Adjectives in {I}talian}}
@INPROCEEDINGS{MWE2013-029,
   AUTHOR = {Nissim, Malvina},
   SORTNAME = {Nissim, Malvina},
   TITLE = {Modelling the Internal Variability of {MWE}s}}
@INPROCEEDINGS{MWE2013-003,
   AUTHOR = {Moreno-Ortiz, Antonio and Perez-Hernandez, Chantal and Del-Olmo, Maria},
   SORTNAME = {Moreno-Ortiz, Antonio and Perez-Hernandez, Chantal and Del-Olmo, Maria},
   TITLE = {Managing Multiword Expressions in a Lexicon-Based Sentiment Analysis System for Spanish}}
@INPROCEEDINGS{MWE2013-030,
   AUTHOR = {Palmer, Martha},
   SORTNAME = {Palmer, Martha},
   TITLE = {Complex Predicates are Multi-Word Expressions}}
@INPROCEEDINGS{MWE2013-031,
   AUTHOR = {Burstein, Jill},
   SORTNAME = {Burstein, Jill},
   TITLE = {The Far Reach of Multiword Expressions in Educational Technology}}
@INPROCEEDINGS{MWE2013-004,
   AUTHOR = {Vaidya, Ashwini and Palmer, Martha and Narasimhan, Bhuvana},
   SORTNAME = {Vaidya, Ashwini and Palmer, Martha and Narasimhan, Bhuvana},
   TITLE = {Semantic Roles for Nominal Predicates: Building a Lexical Resource}}
@INPROCEEDINGS{MWE2013-007,
   AUTHOR = {Gayen, Vivekananda and Sarkar, Kamal},
   SORTNAME = {Gayen, Vivekananda and Sarkar, Kamal},
   TITLE = {Automatic Identification of {B}engali Noun-Noun Compounds Using Random Forest}}
@INPROCEEDINGS{MWE2013-009,
   AUTHOR = {Cook, Paul and Hirst, Graeme},
   SORTNAME = {Cook, Paul and Hirst, Graeme},
   TITLE = {Automatically Assessing Whether a Text Is Cliched, with Applications to Literary Analysis}}
