@INPROCEEDINGS{TACL-001,
   AUTHOR = {Pitler, Emily and Kannan, Sampath and Marcus, Mitchell},
   SORTNAME = {Pitler, Emily and Kannan, Sampath and Marcus, Mitchell},
   TITLE = {[TACL] Finding Optimal 1-Endpoint-Crossing Trees}}
@INPROCEEDINGS{TACL-002,
   AUTHOR = {Artzi, Yoav and Zettlemoyer, Luke},
   SORTNAME = {Artzi, Yoav and Zettlemoyer, Luke},
   TITLE = {[TACL] Weakly Supervised Learning of Semantic Parsers for Mapping Instructions to Actions}}
@INPROCEEDINGS{TACL-003,
   AUTHOR = {Pate, John K and Goldwater, Sharon},
   SORTNAME = {Pate, John K and Goldwater, Sharon},
   TITLE = {[TACL] Unsupervised Dependency Parsing with Acoustic Cues}}
@INPROCEEDINGS{TACL-004,
   AUTHOR = {Bisk, Yonatan and Hockenmaier, Julia},
   SORTNAME = {Bisk, Yonatan and Hockenmaier, Julia},
   TITLE = {[TACL] An HDP Model for Inducing Combinatory Categorial Grammars}}
@INPROCEEDINGS{TACL-005,
   AUTHOR = {Qian, Xian and Liu, Yang},
   SORTNAME = {Qian, Xian and Liu, Yang},
   TITLE = {[TACL] Branch and Bound Algorithm for Dependency Parsing with Non-local Features}}
@INPROCEEDINGS{TACL-006,
   AUTHOR = {Srikumar, Vivek and Roth, Dan},
   SORTNAME = {Srikumar, Vivek and Roth, Dan},
   TITLE = {[TACL] Modeling Semantic Relations Expressed by Prepositions}}
