@INPROCEEDINGS{EVENTS-001,
   AUTHOR = {Delmonte, Rodolfo},
   SORTNAME = {Delmonte, Rodolfo},
   TITLE = {Coping With Implicit Arguments And Events Coreference}}
@INPROCEEDINGS{EVENTS-002,
   AUTHOR = {Fokkens, Antske and van Erp, Marieke and Vossen, Piek and Tonelli, Sara and van Hage, Willem Robert and Serafini, Luciano and Sprugnoli, Rachele and Hoeksema, Jesper},
   SORTNAME = {Fokkens, Antske and van Erp, Marieke and Vossen, Piek and Tonelli, Sara and van Hage, Willem Robert and Serafini, Luciano and Sprugnoli, Rachele and Hoeksema, Jesper},
   TITLE = {GAF: A Grounded Annotation Framework for Events}}
@INPROCEEDINGS{EVENTS-003,
   AUTHOR = {Hovy, Eduard and Mitamura, Teruko and Verdejo, Felisa and Araki, Jun and Philpot, Andrew},
   SORTNAME = {Hovy, Eduard and Mitamura, Teruko and Verdejo, Felisa and Araki, Jun and Philpot, Andrew},
   TITLE = {Events are Not Simple: Identity, Non-Identity, and Quasi-Identity}}
@INPROCEEDINGS{EVENTS-004,
   AUTHOR = {Pivovarova, Lidia and Huttunen, Silja and Yangarber, Roman},
   SORTNAME = {Pivovarova, Lidia and Huttunen, Silja and Yangarber, Roman},
   TITLE = {Event representation across genre}}
@INPROCEEDINGS{EVENTS-005,
   AUTHOR = {Shaw, Ryan},
   SORTNAME = {Shaw, Ryan},
   TITLE = {A Semantic Tool for Historical Events}}
@INPROCEEDINGS{EVENTS-006,
   AUTHOR = {Vanderwende, Lucy and Xia, Fei and Yetisgen-Yildiz, Meliha},
   SORTNAME = {Vanderwende, Lucy and Xia, Fei and Yetisgen-Yildiz, Meliha},
   TITLE = {Annotating Change of State for Clinical Events}}
