@INPROCEEDINGS{SSST-7-002,
   AUTHOR = {Maillette de Buy Wenniger, Gideon and Sima'an, Khalil},
   SORTNAME = {Maillette de Buy Wenniger, Gideon and Sima'an, Khalil},
   TITLE = {A Formal Characterization of Parsing Word Alignments by Synchronous Grammars with Empirical Evidence to the ITG Hypothesis.}}
@INPROCEEDINGS{SSST-7-003,
   AUTHOR = {Huck, Matthias and Vilar, David and Freitag, Markus and Ney, Hermann},
   SORTNAME = {Huck, Matthias and Vilar, David and Freitag, Markus and Ney, Hermann},
   TITLE = {A Performance Study of Cube Pruning for Large-Scale Hierarchical Machine Translation}}
@INPROCEEDINGS{SSST-7-004,
   AUTHOR = {Herrmann, Teresa and Niehues, Jan and Waibel, Alex},
   SORTNAME = {Herrmann, Teresa and Niehues, Jan and Waibel, Alex},
   TITLE = {Combining Word Reordering Methods on different Linguistic Abstraction Levels for Statistical Machine Translation}}
@INPROCEEDINGS{SSST-7-005,
   AUTHOR = {Kaeshammer, Miriam},
   SORTNAME = {Kaeshammer, Miriam},
   TITLE = {Synchronous Linear Context-Free Rewriting Systems for Machine Translation}}
@INPROCEEDINGS{SSST-7-006,
   AUTHOR = {Singh, Thoudam Doren},
   SORTNAME = {Singh, Thoudam Doren},
   TITLE = {Taste of Two Different Flavours: Which Manipuri Script works better for English-Manipuri Language pair SMT Systems?}}
@INPROCEEDINGS{SSST-7-007,
   AUTHOR = {Maillette de Buy Wenniger, Gideon and Sima'an, Khalil},
   SORTNAME = {Maillette de Buy Wenniger, Gideon and Sima'an, Khalil},
   TITLE = {Hierarchical Alignment Decomposition Labels for Hiero Grammar Rules}}
@INPROCEEDINGS{SSST-7-008,
   AUTHOR = {Carpuat, Marine},
   SORTNAME = {Carpuat, Marine},
   TITLE = {A Semantic Evaluation of Machine Translation Lexical Choice}}
@INPROCEEDINGS{SSST-7-009,
   AUTHOR = {Saers, Markus and Addanki, Karteek and Wu, Dekai},
   SORTNAME = {Saers, Markus and Addanki, Karteek and Wu, Dekai},
   TITLE = {Combining Top-down and Bottom-up Search for Unsupervised Induction of Transduction Grammars}}
