@INPROCEEDINGS{starsem-010,
   AUTHOR = {Preiss, Judita and Stevenson, Mark},
   SORTNAME = {Preiss, Judita and Stevenson, Mark},
   TITLE = {Distinguishing Common and Proper Nouns}}
@INPROCEEDINGS{starsem-011,
   AUTHOR = {Goldberg, Yoav and Orwant, Jon},
   SORTNAME = {Goldberg, Yoav and Orwant, Jon},
   TITLE = {A Dataset of Syntactic-Ngrams over Time from a Very Large Corpus of English Books}}
@INPROCEEDINGS{starsem-013,
   AUTHOR = {Cai, Qingqing and Yates, Alexander},
   SORTNAME = {Cai, Qingqing and Yates, Alexander},
   TITLE = {Semantic Parsing Freebase: Towards Open-domain Semantic Parsing}}
@INPROCEEDINGS{starsem-014,
   AUTHOR = {Roth, Michael and Frank, Anette},
   SORTNAME = {Roth, Michael and Frank, Anette},
   TITLE = {Automatically Identifying Implicit Arguments to Improve Argument Linking and Coherence Modeling}}
@INPROCEEDINGS{starsem-017,
   AUTHOR = {Horbach, Andrea and Palmer, Alexis and Pinkal, Manfred},
   SORTNAME = {Horbach, Andrea and Palmer, Alexis and Pinkal, Manfred},
   TITLE = {Using the text to evaluate short answers for reading comprehension exercises}}
@INPROCEEDINGS{starsem-020,
   AUTHOR = {Beltagy, Islam and Chau, Cuong and Boleda, Gemma and Garrette, Dan and Erk, Katrin and Mooney, Raymond},
   SORTNAME = {Beltagy, Islam and Chau, Cuong and Boleda, Gemma and Garrette, Dan and Erk, Katrin and Mooney, Raymond},
   TITLE = {Montague Meets Markov: Deep Semantics with Probabilistic Logical Form}}
@INPROCEEDINGS{starsem-025,
   AUTHOR = {Schulte im Walde, Sabine and Müller, Stefan and Roller, Stefan},
   SORTNAME = {Schulte im Walde, Sabine and Muller, Stefan and Roller, Stefan},
   TITLE = {Exploring Vector Space Models to Predict the Compositionality of German Noun-Noun Compounds}}
@INPROCEEDINGS{starsem-032,
   AUTHOR = {Kozhevnikov, Mikhail and Titov, Ivan},
   SORTNAME = {Kozhevnikov, Mikhail and Titov, Ivan},
   TITLE = {Bootstrapping Semantic Role Labelers from Parallel Data}}
@INPROCEEDINGS{starsem-033,
   AUTHOR = {Schwartz, Hansen Andrew and Eichstaedt, Johannes and Blanco, Eduardo and Dziurzyński, Lukasz and Kern, Margaret L. and Ramones, Stephanie and Seligman, Martin and Ungar, Lyle},
   SORTNAME = {Schwartz, Hansen Andrew and Eichstaedt, Johannes and Blanco, Eduardo and Dziurzynski, Lukasz and Kern, Margaret L. and Ramones, Stephanie and Seligman, Martin and Ungar, Lyle},
   TITLE = {Choosing the Right Words: Characterizing and Reducing Error of the Word Count Approach}}
@INPROCEEDINGS{starsem-034,
   AUTHOR = {Shen, Hui and Bunescu, Razvan and Mihalcea, Rada},
   SORTNAME = {Shen, Hui and Bunescu, Razvan and Mihalcea, Rada},
   TITLE = {Coarse to Fine Grained Sense Disambiguation in Wikipedia}}
@INPROCEEDINGS{starsem-039,
   AUTHOR = {Salehi, Bahar and Cook, Paul},
   SORTNAME = {Salehi, Bahar and Cook, Paul},
   TITLE = {Predicting the Compositionality of Multiword Expressions Using Translations in Multiple Languages}}
@INPROCEEDINGS{starsem-040,
   AUTHOR = {Shutova, Ekaterina},
   SORTNAME = {Shutova, Ekaterina},
   TITLE = {Metaphor Identification as Interpretation}}
@INPROCEEDINGS{starsem-047,
   AUTHOR = {Wang, Sai and Li, Ru and Wang, Ruibo and Wang, Zhiqiang and Zhang, Xia},
   SORTNAME = {Wang, Sai and Li, Ru and Wang, Ruibo and Wang, Zhiqiang and Zhang, Xia},
   TITLE = {SXUCFN-Core: STS Models Integrating FrameNet Parsing Information}}
@INPROCEEDINGS{starsem-048,
   AUTHOR = {Polajnar, Tamara and Rimell, Laura and Kiela, Douwe},
   SORTNAME = {Polajnar, Tamara and Rimell, Laura and Kiela, Douwe},
   TITLE = {UCAM-CORE: Incorporating structured distributional similarity into STS}}
@INPROCEEDINGS{starsem-049,
   AUTHOR = {Xu, Jian and Lu, Qin},
   SORTNAME = {Xu, Jian and Lu, Qin},
   TITLE = {PolyUCOMP-CORE\_TYPED: Computing Semantic Textual Similarity using Overlapped Senses}}
@INPROCEEDINGS{starsem-050,
   AUTHOR = {Severyn, Aliaksei and Nicosia, Massimo and Moschitti, Alessandro},
   SORTNAME = {Severyn, Aliaksei and Nicosia, Massimo and Moschitti, Alessandro},
   TITLE = {iKernels-Core: Tree Kernel Learning for Textual Similarity}}
@INPROCEEDINGS{starsem-051,
   AUTHOR = {Heilman, Michael and Madnani, Nitin},
   SORTNAME = {Heilman, Michael and Madnani, Nitin},
   TITLE = {HENRY-CORE: Domain Adaptation and Stacking for Text Similarity}}
@INPROCEEDINGS{starsem-052,
   AUTHOR = {Malandrakis, Nikolaos and Iosif, Elias and Prokopi, Vassiliki and Potamianos, Alexandros and Narayanan, Shrikanth},
   SORTNAME = {Malandrakis, Nikolaos and Iosif, Elias and Prokopi, Vassiliki and Potamianos, Alexandros and Narayanan, Shrikanth},
   TITLE = {DeepPurple: Lexical, String and Affective Feature Fusion for Sentence-Level Semantic Similarity Estimation}}
@INPROCEEDINGS{starsem-053,
   AUTHOR = {Chávez, Alexander and Dávila, Héctor and Gutiérrez, Yoan and Collazo, Armando and Abreu, José I. and Fernández Orquín, Antonio and Montoyo, Andrés and Muñoz, Rafael},
   SORTNAME = {Chavez, Alexander and Davila, Hector and Gutierrez, Yoan and Collazo, Armando and Abreu, Jose I. and Fernandez Orquin, Antonio and Montoyo, Andres and Munoz, Rafael},
   TITLE = {UMCC\_DLSI: Textual Similarity based on Lexical-Semantic features}}
@INPROCEEDINGS{starsem-054,
   AUTHOR = {Croce, Danilo and Storch, Valerio and Basili, Roberto},
   SORTNAME = {Croce, Danilo and Storch, Valerio and Basili, Roberto},
   TITLE = {UNITOR-CORE\_TYPED: Combining Text Similarity and Semantic Filters through SV Regression}}
@INPROCEEDINGS{starsem-055,
   AUTHOR = {Han, Lushan and L. Kashyap, Abhay and Finin, Tim and Mayfield, James and Weese, Jonathan},
   SORTNAME = {Han, Lushan and L. Kashyap, Abhay and Finin, Tim and Mayfield, James and Weese, Jonathan},
   TITLE = {UMBC\_EBIQUITY-CORE: Semantic Textual Similarity Systems}}
@INPROCEEDINGS{starsem-056,
   AUTHOR = {Otrusina, Lubomir and Smrz, Pavel},
   SORTNAME = {Otrusina, Lubomir and Smrz, Pavel},
   TITLE = {BUT-TYPED: Using domain knowledge for computing typed similarity}}
@INPROCEEDINGS{starsem-057,
   AUTHOR = {Tiantian, Zhu and Lan, Man},
   SORTNAME = {Tiantian, Zhu and Lan, Man},
   TITLE = {ECNUCS: Measuring Short Text Semantic Equivalence Using Multiple Similarity Measurements}}
@INPROCEEDINGS{starsem-058,
   AUTHOR = {Agirre, Eneko and Aletras, Nikolaos and Gonzalez-Agirre, Aitor and Rigau, German and Stevenson, Mark},
   SORTNAME = {Agirre, Eneko and Aletras, Nikolaos and Gonzalez-Agirre, Aitor and Rigau, German and Stevenson, Mark},
   TITLE = {UBC\_UOS-TYPED: Regression for typed-similarity}}
@INPROCEEDINGS{starsem-059,
   AUTHOR = {Ziak, Hermann and Kern, Roman},
   SORTNAME = {Ziak, Hermann and Kern, Roman},
   TITLE = {KnCe2013-CORE:Semantic Text Similarity by use of Knowledge Bases}}
@INPROCEEDINGS{starsem-060,
   AUTHOR = {Barrón-Cedeño, Alberto and Màrquez, Lluís and Fuentes, Maria and Rodriguez, Horacio and Turmo, Jordi},
   SORTNAME = {Barron-Cedeno, Alberto and Marquez, Lluis and Fuentes, Maria and Rodriguez, Horacio and Turmo, Jordi},
   TITLE = {UPC-CORE: What Can Machine Translation Evaluation Metrics and Wikipedia Do for Estimating Semantic Textual Similarity?}}
@INPROCEEDINGS{starsem-061,
   AUTHOR = {Wu, Stephen and Zhu, Dongqing and Carterette, Ben and Liu, Hongfang},
   SORTNAME = {Wu, Stephen and Zhu, Dongqing and Carterette, Ben and Liu, Hongfang},
   TITLE = {MayoClinicNLP--CORE: Semantic representations for textual similarity}}
@INPROCEEDINGS{starsem-062,
   AUTHOR = {Yeh, Eric},
   SORTNAME = {Yeh, Eric},
   TITLE = {SRIUBC-Core: Multiword Soft Similarity Models for Textual Similarity}}
@INPROCEEDINGS{starsem-063,
   AUTHOR = {Buscaldi, Davide and Le Roux, Joseph and Garcia Flores, Jorge J. and Popescu, Adrian},
   SORTNAME = {Buscaldi, Davide and Le Roux, Joseph and Garcia Flores, Jorge J. and Popescu, Adrian},
   TITLE = {LIPN-CORE: Semantic Text Similarity using n-grams, WordNet, Syntactic Analysis, ESA and Information Retrieval based Features}}
@INPROCEEDINGS{starsem-064,
   AUTHOR = {Caputo, Annalina and Basile, Pierpaolo and Semeraro, Giovanni},
   SORTNAME = {Caputo, Annalina and Basile, Pierpaolo and Semeraro, Giovanni},
   TITLE = {UNIBA-CORE: Combining Strategies for Semantic Textual Similarity}}
@INPROCEEDINGS{starsem-065,
   AUTHOR = {Marsi, Erwin and Moen, Hans and Bungum, Lars and Sizov, Gleb and Gambäck, Björn and Lynum, André},
   SORTNAME = {Marsi, Erwin and Moen, Hans and Bungum, Lars and Sizov, Gleb and Gamback, Bjorn and Lynum, Andre},
   TITLE = {NTNU-CORE: Combining strong features for semantic similarity}}
@INPROCEEDINGS{starsem-066,
   AUTHOR = {Sultan, Md. and Bethard, Steven and Sumner, Tamara},
   SORTNAME = {Sultan, Md. and Bethard, Steven and Sumner, Tamara},
   TITLE = {DLS@CU-CORE: A Simple Machine Learning Model of Semantic Textual Similarity}}
@INPROCEEDINGS{starsem-067,
   AUTHOR = {Greiner, Paul and Proisl, Thomas and Evert, Stefan and Kabashi, Besim},
   SORTNAME = {Greiner, Paul and Proisl, Thomas and Evert, Stefan and Kabashi, Besim},
   TITLE = {KLUE-CORE: A regression model of semantic textual similarity}}
@INPROCEEDINGS{starsem-068,
   AUTHOR = {Noeman, Sara},
   SORTNAME = {Noeman, Sara},
   TITLE = {IBM\_EG-CORE: Comparing multiple Lexical and NE matching features in measuring Semantic Textual similarity}}
@INPROCEEDINGS{starsem-069,
   AUTHOR = {Jimenez, Sergio and Becerra, Claudia and Gelbukh, Alexander},
   SORTNAME = {Jimenez, Sergio and Becerra, Claudia and Gelbukh, Alexander},
   TITLE = {SOFTCARDINALITY-CORE: Improving Text Overlap with Distributional Measures for Semantic Textual Similarity}}
@INPROCEEDINGS{starsem-070,
   AUTHOR = {Shareghi, Ehsan and Bergler, Sabine},
   SORTNAME = {Shareghi, Ehsan and Bergler, Sabine},
   TITLE = {CLaC-CORE: Exhaustive Feature Combination for Measuring Textual Similarity}}
@INPROCEEDINGS{starsem-071,
   AUTHOR = {Gella, Spandana and Salehi, Bahar and Lui, Marco and Grieser, Karl and Cook, Paul and Baldwin, Timothy},
   SORTNAME = {Gella, Spandana and Salehi, Bahar and Lui, Marco and Grieser, Karl and Cook, Paul and Baldwin, Timothy},
   TITLE = {UniMelb\_NLP-CORE: Integrating predictions from multiple domains and feature sets for estimating semantic textual similarity}}
@INPROCEEDINGS{starsem-072,
   AUTHOR = {Dan, Avishek and Bhattacharyya, Pushpak},
   SORTNAME = {Dan, Avishek and Bhattacharyya, Pushpak},
   TITLE = {CFILT-CORE: Semantic Textual Similarity using Universal Networking Language}}
@INPROCEEDINGS{starsem-073,
   AUTHOR = {Banea, Carmen and Choi, Yoonjung and Deng, Lingjia and Hassan, Samer and Mohler, Michael and Yang, Bishan and Cardie, Claire and Mihalcea, Rada and Wiebe, Jan},
   SORTNAME = {Banea, Carmen and Choi, Yoonjung and Deng, Lingjia and Hassan, Samer and Mohler, Michael and Yang, Bishan and Cardie, Claire and Mihalcea, Rada and Wiebe, Jan},
   TITLE = {CPN-CORE: A Text Semantic Similarity System Infused with Opinion Knowledge}}
@INPROCEEDINGS{starsem-074,
   AUTHOR = {Agirre, Eneko and Cer, Daniel and Diab, Mona and Gonzalez-Agirre, Aitor and Guo, Weiwei},
   SORTNAME = {Agirre, Eneko and Cer, Daniel and Diab, Mona and Gonzalez-Agirre, Aitor and Guo, Weiwei},
   TITLE = {*SEM 2013 shared task: Semantic Textual Similarity}}
@INPROCEEDINGS{starsem-075,
   AUTHOR = {Sánchez-Vega, Fernando and Montes-y-Gómez, Manuel and Rosso, Paolo and Villaseñor-Pineda, Luis},
   SORTNAME = {Sanchez-Vega, Fernando and Montes-y-Gomez, Manuel and Rosso, Paolo and Villasenor-Pineda, Luis},
   TITLE = {INAOE\_UPV-CORE: Extracting Word Associations from Document Corpora to estimate Semantic Textual Similarity}}
@INPROCEEDINGS{starsem-076,
   AUTHOR = {Bicici, Ergun and Van Genabith, Josef},
   SORTNAME = {Bicici, Ergun and Van Genabith, Josef},
   TITLE = {CNGL-CORE: Referential Translation Machines for Measuring Semantic Similarity}}
@INPROCEEDINGS{starsem-077,
   AUTHOR = {Forsyth, David},
   SORTNAME = {Forsyth, David},
   TITLE = {More Words and Bigger Pictures}}
@INPROCEEDINGS{starsem-008,
   AUTHOR = {Grefenstette, Edward},
   SORTNAME = {Grefenstette, Edward},
   TITLE = {Towards a Formal Distributional Semantics: Simulating Logical Calculi with Tensors}}
@INPROCEEDINGS{starsem-009,
   AUTHOR = {Gella, Spandana and Cook, Paul and Han, Bo},
   SORTNAME = {Gella, Spandana and Cook, Paul and Han, Bo},
   TITLE = {Unsupervised Word Usage Similarity in Social Media Texts}}
