@INPROCEEDINGS{BEA8-010,
   AUTHOR = {Morley, Eric and Roark, Brian and van Santen, Jan},
   SORTNAME = {Morley, Eric and Roark, Brian and van Santen, Jan},
   TITLE = {The Utility of Manual and Automatic Linguistic Error Codes for Identifying Neurodevelopmental Disorders}}
@INPROCEEDINGS{BEA8-011,
   AUTHOR = {Cahill, Aoife and Chodorow, Martin and Wolff, Susanne and Madnani, Nitin},
   SORTNAME = {Cahill, Aoife and Chodorow, Martin and Wolff, Susanne and Madnani, Nitin},
   TITLE = {Detecting Missing Hyphens in Learner Text}}
@INPROCEEDINGS{BEA8-012,
   AUTHOR = {Michaud, Lisa and McCoy, Patricia Ann},
   SORTNAME = {Michaud, Lisa and McCoy, Patricia Ann},
   TITLE = {Applying Machine Translation Metrics to Student-Written Translations}}
@INPROCEEDINGS{BEA8-014,
   AUTHOR = {Dzikovska, Myroslava and Farrow, Elaine and Moore, Johanna},
   SORTNAME = {Dzikovska, Myroslava and Farrow, Elaine and Moore, Johanna},
   TITLE = {Improving interpretation robustness in a tutorial dialogue system}}
@INPROCEEDINGS{BEA8-016,
   AUTHOR = {Ragheb, Marwa and Dickinson, Markus},
   SORTNAME = {Ragheb, Marwa and Dickinson, Markus},
   TITLE = {Inter-annotator Agreement for Dependency Annotation of Learner Language}}
@INPROCEEDINGS{BEA8-017,
   AUTHOR = {Andersen, Øistein E. and Yannakoudakis, Helen and Barker, Fiona and Parish, Tim},
   SORTNAME = {Andersen, Øistein E. and Yannakoudakis, Helen and Barker, Fiona and Parish, Tim},
   TITLE = {Developing and testing a self-assessment and tutoring system}}
@INPROCEEDINGS{BEA8-019,
   AUTHOR = {Xie, Shasha and Chen, Lei},
   SORTNAME = {Xie, Shasha and Chen, Lei},
   TITLE = {Evaluating Unsupervised Language Model Adaptation Methods for Speaking Assessment}}
@INPROCEEDINGS{BEA8-002,
   AUTHOR = {Vajjala, Sowmya and Loo, Kaidi},
   SORTNAME = {Vajjala, Sowmya and Loo, Kaidi},
   TITLE = {Role of Morpho-Syntactic Features in Estonian Proficiency Classification}}
@INPROCEEDINGS{BEA8-020,
   AUTHOR = {Chen, Lei},
   SORTNAME = {Chen, Lei},
   TITLE = {Applying Unsupervised Learning To Support Vector Space Model Based Speaking Assessment}}
@INPROCEEDINGS{BEA8-021,
   AUTHOR = {Dahlmeier, Daniel and Ng, Hwee Tou and Wu, Siew Mei},
   SORTNAME = {Dahlmeier, Daniel and Ng, Hwee Tou and Wu, Siew Mei},
   TITLE = {Building a Large Annotated Corpus of Learner English: The NUS Corpus of Learner English}}
@INPROCEEDINGS{BEA8-023,
   AUTHOR = {King, Levi and Dickinson, Markus},
   SORTNAME = {King, Levi and Dickinson, Markus},
   TITLE = {Shallow Semantic Analysis of Interactive Learner Sentences}}
@INPROCEEDINGS{BEA8-027,
   AUTHOR = {Gebre, Binyam Gebrekidan and Zampieri, Marcos and Wittenburg, Peter and Heskes, Tom},
   SORTNAME = {Gebre, Binyam Gebrekidan and Zampieri, Marcos and Wittenburg, Peter and Heskes, Tom},
   TITLE = {Improving Native Language Identification with TF-IDF Weighting}}
@INPROCEEDINGS{BEA8-028,
   AUTHOR = {Lahiri, Shibamouli and Mihalcea, Rada},
   SORTNAME = {Lahiri, Shibamouli and Mihalcea, Rada},
   TITLE = {Using N-gram and Word Network Features for Native Language Identification}}
@INPROCEEDINGS{BEA8-029,
   AUTHOR = {Malmasi, Shervin and Wong, Sze-Meng Jojo and Dras, Mark},
   SORTNAME = {Malmasi, Shervin and Wong, Sze-Meng Jojo and Dras, Mark},
   TITLE = {NLI Shared Task 2013: MQ Submission}}
@INPROCEEDINGS{BEA8-003,
   AUTHOR = {Östling, Robert and Smolentzov, André and Tyrefors Hinnerich, Björn and Höglin, Erik},
   SORTNAME = {Ostling, Robert and Smolentzov, Andre and Tyrefors Hinnerich, Bjorn and Hoglin, Erik},
   TITLE = {Automated Essay Scoring for Swedish}}
@INPROCEEDINGS{BEA8-030,
   AUTHOR = {Popescu, Marius and Ionescu, Radu Tudor},
   SORTNAME = {Popescu, Marius and Ionescu, Radu Tudor},
   TITLE = {The Story of the Characters, the DNA and the Native Language}}
@INPROCEEDINGS{BEA8-031,
   AUTHOR = {Jarvis, Scott and Bestgen, Yves and Pepper, Steve},
   SORTNAME = {Jarvis, Scott and Bestgen, Yves and Pepper, Steve},
   TITLE = {Maximizing Classification Accuracy in Native Language Identification}}
@INPROCEEDINGS{BEA8-032,
   AUTHOR = {Brooke, Julian and Hirst, Graeme},
   SORTNAME = {Brooke, Julian and Hirst, Graeme},
   TITLE = {Using Other Learner Corpora in the 2013 NLI Shared Task}}
@INPROCEEDINGS{BEA8-033,
   AUTHOR = {Kyle, Kristopher and Crossley, Scott and Dai, Jianmin and McNamara, Danielle},
   SORTNAME = {Kyle, Kristopher and Crossley, Scott and Dai, Jianmin and McNamara, Danielle},
   TITLE = {Native Language Identification: A Key N-gram Category Approach}}
@INPROCEEDINGS{BEA8-034,
   AUTHOR = {Cimino, Andrea and Dell'Orletta, Felice and Venturi, Giulia and Montemagni, Simonetta},
   SORTNAME = {Cimino, Andrea and Dell'Orletta, Felice and Venturi, Giulia and Montemagni, Simonetta},
   TITLE = {Linguistic Profiling based on General–purpose Features and Native Language Identification}}
@INPROCEEDINGS{BEA8-035,
   AUTHOR = {Lavergne, Thomas and Illouz, Gabriel and Max, Aurélien and Nagata, Ryo},
   SORTNAME = {Lavergne, Thomas and Illouz, Gabriel and Max, Aurelien and Nagata, Ryo},
   TITLE = {LIMSI’s participation to the 2013 shared task on Native Language Identification}}
@INPROCEEDINGS{BEA8-036,
   AUTHOR = {Hladka, Barbora and Holub, Martin and Kriz, Vincent},
   SORTNAME = {Hladka, Barbora and Holub, Martin and Kriz, Vincent},
   TITLE = {Feature Engineering in the NLI Shared Task 2013: Charles University Submission Report}}
@INPROCEEDINGS{BEA8-037,
   AUTHOR = {Bobicev, Victoria},
   SORTNAME = {Bobicev, Victoria},
   TITLE = {Native Language Identification with PPM}}
@INPROCEEDINGS{BEA8-038,
   AUTHOR = {Lynum, André},
   SORTNAME = {Lynum, Andre},
   TITLE = {Native Language Identification using large scale lexical features}}
@INPROCEEDINGS{BEA8-039,
   AUTHOR = {Daudaravicius, Vidas},
   SORTNAME = {Daudaravicius, Vidas},
   TITLE = {VTEX System Description for the NLI 2013 Shared Task}}
@INPROCEEDINGS{BEA8-040,
   AUTHOR = {Bykh, Serhiy and Vajjala, Sowmya and Krivanek, Julia and Meurers, Detmar},
   SORTNAME = {Bykh, Serhiy and Vajjala, Sowmya and Krivanek, Julia and Meurers, Detmar},
   TITLE = {Combining Shallow and Linguistically Motivated Features in Native Language Identification}}
@INPROCEEDINGS{BEA8-041,
   AUTHOR = {Gyawali, Binod and Ramirez, Gabriela and Solorio, Thamar},
   SORTNAME = {Gyawali, Binod and Ramirez, Gabriela and Solorio, Thamar},
   TITLE = {Native Language Identification: a Simple n-gram Based Approach}}
@INPROCEEDINGS{BEA8-042,
   AUTHOR = {Nicolai, Garrett and Hauer, Bradley and Salameh, Mohammad and Yao, Lei and Kondrak, Grzegorz},
   SORTNAME = {Nicolai, Garrett and Hauer, Bradley and Salameh, Mohammad and Yao, Lei and Kondrak, Grzegorz},
   TITLE = {Cognate and Misspelling Features for Natural Language Identification}}
@INPROCEEDINGS{BEA8-043,
   AUTHOR = {Tsvetkov, Yulia and Twitto, Naama and Schneider, Nathan and Ordan, Noam and Faruqui, Manaal and Chahuneau, Victor and Wintner, Shuly and Dyer, Chris},
   SORTNAME = {Tsvetkov, Yulia and Twitto, Naama and Schneider, Nathan and Ordan, Noam and Faruqui, Manaal and Chahuneau, Victor and Wintner, Shuly and Dyer, Chris},
   TITLE = {Identifying the L1 of non-native writers: the CMU-Haifa system}}
@INPROCEEDINGS{BEA8-044,
   AUTHOR = {Wu, Ching-Yi and Lai, Po-Hsiang and Liu, Yang and Ng, Vincent},
   SORTNAME = {Wu, Ching-Yi and Lai, Po-Hsiang and Liu, Yang and Ng, Vincent},
   TITLE = {Simple Yet Powerful Native Language Identification on TOEFL11}}
@INPROCEEDINGS{BEA8-045,
   AUTHOR = {Mizumoto, Tomoya and Hayashibe, Yuta and Sakaguchi, Keisuke and Komachi, Mamoru and Matsumoto, Yuji},
   SORTNAME = {Mizumoto, Tomoya and Hayashibe, Yuta and Sakaguchi, Keisuke and Komachi, Mamoru and Matsumoto, Yuji},
   TITLE = {NAIST at the NLI 2013 Shared Task}}
@INPROCEEDINGS{BEA8-046,
   AUTHOR = {Swanson, Ben},
   SORTNAME = {Swanson, Ben},
   TITLE = {Exploring Syntactic Representations for Native Language Identification}}
@INPROCEEDINGS{BEA8-047,
   AUTHOR = {Goutte, Cyril and Léger, Serge and Carpuat, Marine},
   SORTNAME = {Goutte, Cyril and Leger, Serge and Carpuat, Marine},
   TITLE = {Feature Space Selection and Combination for Native Language Identification}}
@INPROCEEDINGS{BEA8-048,
   AUTHOR = {LI, Baoli},
   SORTNAME = {LI, Baoli},
   TITLE = {Recognizing English Learners’ Native Language from Their Writings}}
@INPROCEEDINGS{BEA8-049,
   AUTHOR = {Abu-Jbara, Amjad and Jha, Rahul and Morley, Eric and Radev, Dragomir},
   SORTNAME = {Abu-Jbara, Amjad and Jha, Rahul and Morley, Eric and Radev, Dragomir},
   TITLE = {Experimental Results on the Native Language Identification Shared Task}}
@INPROCEEDINGS{BEA8-005,
   AUTHOR = {Evanini, Keelan and Xie, Shasha and Zechner, Klaus},
   SORTNAME = {Evanini, Keelan and Xie, Shasha and Zechner, Klaus},
   TITLE = {Prompt-based Content Scoring for Automated Spoken Language Assessment}}
@INPROCEEDINGS{BEA8-050,
   AUTHOR = {Henderson, John and Zarrella, Guido and Pfeifer, Craig and Burger, John D.},
   SORTNAME = {Henderson, John and Zarrella, Guido and Pfeifer, Craig and Burger, John D.},
   TITLE = {Discriminating Non-Native English with 350 Words}}
@INPROCEEDINGS{BEA8-051,
   AUTHOR = {Tetreault, Joel and Blanchard, Daniel and Cahill, Aoife},
   SORTNAME = {Tetreault, Joel and Blanchard, Daniel and Cahill, Aoife},
   TITLE = {A Report on the First Native Language Identification Shared Task}}
@INPROCEEDINGS{BEA8-007,
   AUTHOR = {Zechner, Klaus and Wang, Xinhao},
   SORTNAME = {Zechner, Klaus and Wang, Xinhao},
   TITLE = {Automated Content Scoring of Spoken Responses in an Assessment for Teachers of English}}
@INPROCEEDINGS{BEA8-009,
   AUTHOR = {Madnani, Nitin and Burstein, Jill and Sabatini, John and O'Reilly, Tenaha},
   SORTNAME = {Madnani, Nitin and Burstein, Jill and Sabatini, John and O'Reilly, Tenaha},
   TITLE = {Automated Scoring of a Summary-Writing Task Designed to Measure Reading Comprehension}}
