@INPROCEEDINGS{WVL13-001,
   AUTHOR = {Mason, Rebecca and Charniak, Eugene},
   SORTNAME = {Mason, Rebecca and Charniak, Eugene},
   TITLE = {Annotation of Online Shopping Images without Labeled Training Examples}}
@INPROCEEDINGS{WVL13-002,
   AUTHOR = {Krishnamoorthy, Niveda and Malkarnenkar, Girish and Mooney, Raymond and Saenko, Kate and Guadarrama, Sergio},
   SORTNAME = {Krishnamoorthy, Niveda and Malkarnenkar, Girish and Mooney, Raymond and Saenko, Kate and Guadarrama, Sergio},
   TITLE = {Generating Natural-Language Video Descriptions Using Text-Mined Knowledge}}
@INPROCEEDINGS{WVL13-003,
   AUTHOR = {Mittelman, Roni and Sun, Min and Kuipers, Benjamin and Savarese, Silvio},
   SORTNAME = {Mittelman, Roni and Sun, Min and Kuipers, Benjamin and Savarese, Silvio},
   TITLE = {Learning Hierarchical Linguistic Descriptions of Visual Datasets}}
