@INPROCEEDINGS{WASSA2013-010,
   AUTHOR = {Martínez-Cámara, Eugenio and Martín-Valdivia, M. Teresa and Molina-González, M. Dolores and Ureña-López, L. Alfonso},
   SORTNAME = {Martinez-Camara, Eugenio and Martin-Valdivia, M. Teresa and Molina-Gonzalez, M. Dolores and Urena-Lopez, L. Alfonso},
   TITLE = {Bilingual Experiments on an Opinion Comparable Corpus}}
@INPROCEEDINGS{WASSA2013-011,
   AUTHOR = {Agarwal, Basant and Mittal, Namita},
   SORTNAME = {Agarwal, Basant and Mittal, Namita},
   TITLE = {Sentiment Classification using Rough Set based Hybrid Feature Selection}}
@INPROCEEDINGS{WASSA2013-012,
   AUTHOR = {Rustamov, Samir and Mustafayev, Elshan and Clements, Mark},
   SORTNAME = {Rustamov, Samir and Mustafayev, Elshan and Clements, Mark},
   TITLE = {Sentence-Level Subjectivity Detection Using Neuro-Fuzzy Models}}
@INPROCEEDINGS{WASSA2013-016,
   AUTHOR = {Qadir, Ashequl and Riloff, Ellen},
   SORTNAME = {Qadir, Ashequl and Riloff, Ellen},
   TITLE = {Bootstrapped Learning of Emotion Hashtags \#hashtags4you}}
@INPROCEEDINGS{WASSA2013-017,
   AUTHOR = {Liebrecht, Christine and Kunneman, Florian and Van den Bosch, Antal},
   SORTNAME = {Liebrecht, Christine and Kunneman, Florian and Van den Bosch, Antal},
   TITLE = {The perfect solution for detecting sarcasm in tweets \#not}}
@INPROCEEDINGS{WASSA2013-020,
   AUTHOR = {Sidorenko, Wladimir and Sonntag, Jonathan and Krüger, Nina and Stieglitz, Stefan and Stede, Manfred},
   SORTNAME = {Sidorenko, Wladimir and Sonntag, Jonathan and Kruger, Nina and Stieglitz, Stefan and Stede, Manfred},
   TITLE = {From newspaper to microblogging: What does it take to find opinions?}}
@INPROCEEDINGS{WASSA2013-021,
   AUTHOR = {Gupta, Narendra},
   SORTNAME = {Gupta, Narendra},
   TITLE = {Tagging Opinion Phrases and their Targets in User Generated Textual Reviews}}
@INPROCEEDINGS{WASSA2013-024,
   AUTHOR = {Sintsova, Valentina and Musat, Claudiu and Pu, Pearl},
   SORTNAME = {Sintsova, Valentina and Musat, Claudiu and Pu, Pearl},
   TITLE = {Fine-Grained Emotion Recognition in Olympic Tweets Based on Human Computation}}
@INPROCEEDINGS{WASSA2013-025,
   AUTHOR = {Mourad, Ahmed and Darwish, Kareem},
   SORTNAME = {Mourad, Ahmed and Darwish, Kareem},
   TITLE = {Subjectivity and Sentiment Analysis of Modern Standard Arabic and Arabic Microblogs}}
@INPROCEEDINGS{WASSA2013-026,
   AUTHOR = {Habernal, Ivan and Ptáček, Tomáš and Steinberger, Josef},
   SORTNAME = {Habernal, Ivan and Ptacek, Tomas and Steinberger, Josef},
   TITLE = {Sentiment Analysis in Czech Social Media Using Supervised Machine Learning}}
@INPROCEEDINGS{WASSA2013-003,
   AUTHOR = {Dell' Amerlina Ríos, Matías and Gravano, Agustin},
   SORTNAME = {Dell' Amerlina Rios, Matias and Gravano, Agustin},
   TITLE = {Spanish DAL: A Spanish Dictionary of Affect in Language}}
@INPROCEEDINGS{WASSA2013-030,
   AUTHOR = {Hernández, Donato and Guzmán, Rafael and Móntes y Gomez, Manuel and Rosso, Paolo},
   SORTNAME = {Hernandez, Donato and Guzman, Rafael and Montes y Gomez, Manuel and Rosso, Paolo},
   TITLE = {Using PU-Learning to Detect Deceptive Opinion Spam}}
@INPROCEEDINGS{WASSA2013-031,
   AUTHOR = {Picard, Rosalind},
   SORTNAME = {Picard, Rosalind},
   TITLE = {Recent adventures with emotion-reading technology}}
@INPROCEEDINGS{WASSA2013-004,
   AUTHOR = {Escalante, Hugo Jair and Villatoro-Tello, Esaú and Juárez, Antonio and Montes-y-Gómez, Manuel and Villaseñor, Luis},
   SORTNAME = {Escalante, Hugo Jair and Villatoro-Tello, Esau and Juarez, Antonio and Montes-y-Gomez, Manuel and Villasenor, Luis},
   TITLE = {Sexual predator detection in chats with chained classifiers}}
@INPROCEEDINGS{WASSA2013-005,
   AUTHOR = {Balahur, Alexandra},
   SORTNAME = {Balahur, Alexandra},
   TITLE = {Sentiment Analysis in Social Media Texts}}
@INPROCEEDINGS{WASSA2013-008,
   AUTHOR = {Basile, Valerio and nissim, malvina},
   SORTNAME = {Basile, Valerio and nissim, malvina},
   TITLE = {Sentiment analysis on Italian tweets}}
@INPROCEEDINGS{WASSA2013-009,
   AUTHOR = {Gutiérrez, Yoan and González, Andy and Fernández, Antonio and Montoyo, Andrés and Muñoz, Rafael},
   SORTNAME = {Gutierrez, Yoan and Gonzalez, Andy and Fernandez, Antonio and Montoyo, Andres and Munoz, Rafael},
   TITLE = {RA-SR: Using a ranking algorithm to automatically building resources for subjectivity analysis over annotated corpora}}
