@INPROCEEDINGS{semeval-010,
   AUTHOR = {Zhao, Jiang and Lan, Man and Niu, Zheng-Yu},
   SORTNAME = {Zhao, Jiang and Lan, Man and Niu, Zheng-Yu},
   TITLE = {ECNUCS: Recognizing Cross-lingual Textual Entailment Using Multiple Text Similarity and Text Difference Measures}}
@INPROCEEDINGS{semeval-100,
   AUTHOR = {Graham, Yvette and Salehi, Bahar and Baldwin, Timothy},
   SORTNAME = {Graham, Yvette and Salehi, Bahar and Baldwin, Timothy},
   TITLE = {Umelb: Cross-lingual Textual Entailment with Word Alignment and String Similarity Features}}
@INPROCEEDINGS{semeval-101,
   AUTHOR = {Nakov, Preslav and Rosenthal, Sara and Kozareva, Zornitsa and Stoyanov, Veselin and Ritter, Alan and Wilson, Theresa},
   SORTNAME = {Nakov, Preslav and Rosenthal, Sara and Kozareva, Zornitsa and Stoyanov, Veselin and Ritter, Alan and Wilson, Theresa},
   TITLE = {SemEval-2013 Task 2: Sentiment Analysis in Twitter}}
@INPROCEEDINGS{semeval-102,
   AUTHOR = {Hangya, Viktor and Berend, Gabor and Farkas, Richárd},
   SORTNAME = {Hangya, Viktor and Berend, Gabor and Farkas, Richard},
   TITLE = {SZTE-NLP: Sentiment Detection on Twitter Messages}}
@INPROCEEDINGS{semeval-103,
   AUTHOR = {Lau, Jey Han and Cook, Paul and Baldwin, Timothy},
   SORTNAME = {Lau, Jey Han and Cook, Paul and Baldwin, Timothy},
   TITLE = {unimelb: Topic Modelling-based Word Sense Induction for Web Snippet Clustering}}
@INPROCEEDINGS{semeval-104,
   AUTHOR = {Lau, Jey Han and Cook, Paul and Baldwin, Timothy},
   SORTNAME = {Lau, Jey Han and Cook, Paul and Baldwin, Timothy},
   TITLE = {unimelb: Topic Modelling-based Word Sense Induction}}
@INPROCEEDINGS{semeval-105,
   AUTHOR = {Ott, Niels and Ziai, Ramon and Hahn, Michael and Meurers, Detmar},
   SORTNAME = {Ott, Niels and Ziai, Ramon and Hahn, Michael and Meurers, Detmar},
   TITLE = {CoMeT: Integrating different levels of linguistic modeling for meaning assessment}}
@INPROCEEDINGS{semeval-106,
   AUTHOR = {Kökciyan, Nadin and Çelebi, Arda and Özgür, Arzucan and Üsküdarlı, Suzan},
   SORTNAME = {Kokciyan, Nadin and Celebi, Arda and Ozgur, Arzucan and Uskudarlı, Suzan},
   TITLE = {BOUNCE: Sentiment Classification in Twitter using Rich Feature Sets}}
@INPROCEEDINGS{semeval-107,
   AUTHOR = {Kolomiyets, Oleksandr and Kordjamshidi, Parisa and Moens, Marie-Francine and Bethard, Steven},
   SORTNAME = {Kolomiyets, Oleksandr and Kordjamshidi, Parisa and Moens, Marie-Francine and Bethard, Steven},
   TITLE = {SemEval-2013 Task 3: Spatial Role Labeling}}
@INPROCEEDINGS{semeval-108,
   AUTHOR = {Kolomiyets, Oleksandr and Moens, Marie-Francine},
   SORTNAME = {Kolomiyets, Oleksandr and Moens, Marie-Francine},
   TITLE = {KUL: Data-driven Approach to Temporal Parsing of Newswire Articles}}
@INPROCEEDINGS{semeval-109,
   AUTHOR = {Bobic, Tamara and Fluck, Juliane and Hofmann-Apitius, Martin},
   SORTNAME = {Bobic, Tamara and Fluck, Juliane and Hofmann-Apitius, Martin},
   TITLE = {SCAI: Extracting drug-drug interactions using a rich feature vector}}
@INPROCEEDINGS{semeval-011,
   AUTHOR = {Levy, Omer and Zesch, Torsten and Dagan, Ido and Gurevych, Iryna},
   SORTNAME = {Levy, Omer and Zesch, Torsten and Dagan, Ido and Gurevych, Iryna},
   TITLE = {UKP-BIU: Similarity and Entailment Metrics for Student Response Analysis}}
@INPROCEEDINGS{semeval-110,
   AUTHOR = {Malakasiotis, Prodromos and Karampatsis, Rafael Michael and Makrynioti, Konstantina and Pavlopoulos, John},
   SORTNAME = {Malakasiotis, Prodromos and Karampatsis, Rafael Michael and Makrynioti, Konstantina and Pavlopoulos, John},
   TITLE = {nlp.cs.aueb.gr: Two Stage Sentiment Analysis}}
@INPROCEEDINGS{semeval-111,
   AUTHOR = {Balage Filho, Pedro and Pardo, Thiago},
   SORTNAME = {Balage Filho, Pedro and Pardo, Thiago},
   TITLE = {NILC_USP: A Hybrid System for Sentiment Analysis in Twitter Messages}}
@INPROCEEDINGS{semeval-112,
   AUTHOR = {Laokulrat, Natsuda and Miwa, Makoto and Tsuruoka, Yoshimasa and Chikayama, Takashi},
   SORTNAME = {Laokulrat, Natsuda and Miwa, Makoto and Tsuruoka, Yoshimasa and Chikayama, Takashi},
   TITLE = {UTTime: Temporal Relation Classification using Deep Syntactic Features}}
@INPROCEEDINGS{semeval-113,
   AUTHOR = {Manion, Steve L. and Sainudiin, Raazesh},
   SORTNAME = {Manion, Steve L. and Sainudiin, Raazesh},
   TITLE = {DAEBAK!: Peripheral Diversity for Multilingual Word Sense Disambiguation}}
@INPROCEEDINGS{semeval-114,
   AUTHOR = {Hailu, Negacy and Hunter, Lawrence E. and Cohen, K. Bretonnel},
   SORTNAME = {Hailu, Negacy and Hunter, Lawrence E. and Cohen, K. Bretonnel},
   TITLE = {UColorado\_SOM: Extraction of Drug-Drug Interactions from Biomedical Text using Knowledge-rich and Knowledge-poor Features}}
@INPROCEEDINGS{semeval-012,
   AUTHOR = {Chalothorn, Tawunrat and Ellman, Jeremy},
   SORTNAME = {Chalothorn, Tawunrat and Ellman, Jeremy},
   TITLE = {TJP: Using Twitter to Analyze the Polarity of Contexts}}
@INPROCEEDINGS{semeval-013,
   AUTHOR = {Apidianaki, Marianna},
   SORTNAME = {Apidianaki, Marianna},
   TITLE = {LIMSI : Cross-lingual Word Sense Disambiguation using Translation Sense Clustering}}
@INPROCEEDINGS{semeval-014,
   AUTHOR = {Vilariño, Darnes and Pinto, David and León, Saul and Aleman, Yuridiana and Gómez, Helena},
   SORTNAME = {Vilarino, Darnes and Pinto, David and Leon, Saul and Aleman, Yuridiana and Gomez, Helena},
   TITLE = {BUAP: N-gram based Feature Evaluation for the Cross-Lingual Textual Entailment Task}}
@INPROCEEDINGS{semeval-015,
   AUTHOR = {Poursepanj, Hamid and Weissbock, Josh and Inkpen, Diana},
   SORTNAME = {Poursepanj, Hamid and Weissbock, Josh and Inkpen, Diana},
   TITLE = {uOttawa: System description for SemEval 2013 Task 2 Sentiment Analysis in Twitter}}
@INPROCEEDINGS{semeval-016,
   AUTHOR = {Sanchez-Cisneros, Daniel},
   SORTNAME = {Sanchez-Cisneros, Daniel},
   TITLE = {UC3M: A kernel-based approach to identify and classify DDIs in bio-medical texts.}}
@INPROCEEDINGS{semeval-017,
   AUTHOR = {Sanchez-Cisneros, Daniel and Aparicio Gali, Fernando},
   SORTNAME = {Sanchez-Cisneros, Daniel and Aparicio Gali, Fernando},
   TITLE = {UEM-UC3M: An Ontology-based named entity recognition system for biomedical texts.}}
@INPROCEEDINGS{semeval-018,
   AUTHOR = {Heilman, Michael and Madnani, Nitin},
   SORTNAME = {Heilman, Michael and Madnani, Nitin},
   TITLE = {ETS: Domain Adaptation and Stacking for Short Answer Scoring}}
@INPROCEEDINGS{semeval-019,
   AUTHOR = {Aldabe, Itziar and Maritxalar, Montse and Lopez de Lacalle, Oier},
   SORTNAME = {Aldabe, Itziar and Maritxalar, Montse and Lopez de Lacalle, Oier},
   TITLE = {EHU-ALM: Similarity-Feature Based Approach for Student Response Analysis}}
@INPROCEEDINGS{semeval-002,
   AUTHOR = {Dermouche, Mohamed and Khouas, Leila and Velcin, Julien and Loudcher, Sabine},
   SORTNAME = {Dermouche, Mohamed and Khouas, Leila and Velcin, Julien and Loudcher, Sabine},
   TITLE = {AMI&ERIC: How to Learn with Naive Bayes and Prior Knowledge: an Application to Sentiment Analysis}}
@INPROCEEDINGS{semeval-020,
   AUTHOR = {Turchi, Marco and Negri, Matteo},
   SORTNAME = {Turchi, Marco and Negri, Matteo},
   TITLE = {ALTN: Word Alignment Features for Cross-lingual Textual Entailment}}
@INPROCEEDINGS{semeval-021,
   AUTHOR = {Zhu, Zhemin and Hiemstra, Djoerd and Apers, Peter and Wombacher, Andreas},
   SORTNAME = {Zhu, Zhemin and Hiemstra, Djoerd and Apers, Peter and Wombacher, Andreas},
   TITLE = {UT-DB: An Experimental Study on Sentiment Analysis in Twitter}}
@INPROCEEDINGS{semeval-022,
   AUTHOR = {Harihara, Ganesh and Yang, Eugene and Chambers, Nate},
   SORTNAME = {Harihara, Ganesh and Yang, Eugene and Chambers, Nate},
   TITLE = {USNA: A Dual-Classifier Approach to Contextual Sentiment Analysis}}
@INPROCEEDINGS{semeval-023,
   AUTHOR = {Proisl, Thomas and Greiner, Paul and Evert, Stefan and Kabashi, Besim},
   SORTNAME = {Proisl, Thomas and Greiner, Paul and Evert, Stefan and Kabashi, Besim},
   TITLE = {KLUE: Simple and robust methods for polarity classification}}
@INPROCEEDINGS{semeval-024,
   AUTHOR = {Martínez-Cámara, Eugenio and Montejo-Ráez, Arturo and Martín-Valdivia, M. Teresa and Ureña-López, L. Alfonso},
   SORTNAME = {Martinez-Camara, Eugenio and Montejo-Raez, Arturo and Martin-Valdivia, M. Teresa and Urena-Lopez, L. Alfonso},
   TITLE = {SINAI: Machine Learning and Emotion of the Crowd for Sentiment Analysis in Microblogs}}
@INPROCEEDINGS{semeval-025,
   AUTHOR = {Lefever, Els and Hoste, Véronique},
   SORTNAME = {Lefever, Els and Hoste, Veronique},
   TITLE = {SemEval-2013 Task 10: Cross-lingual Word Sense Disambiguation}}
@INPROCEEDINGS{semeval-026,
   AUTHOR = {Tiantian, Zhu and Fangxi, Zhang and Lan, Man},
   SORTNAME = {Tiantian, Zhu and Fangxi, Zhang and Lan, Man},
   TITLE = {ECNUCS: A Surface Information Based System Description of Sentiment Analysis in Twitter in the SemEval-2013 (Task 2)}}
@INPROCEEDINGS{semeval-027,
   AUTHOR = {Levallois, Clement},
   SORTNAME = {Levallois, Clement},
   TITLE = {Umigon: sentiment analysis for tweets based on terms lists and heuristics}}
@INPROCEEDINGS{semeval-028,
   AUTHOR = {Chowdhury, Md. Faisal Mahbub and Lavelli, Alberto},
   SORTNAME = {Chowdhury, Md. Faisal Mahbub and Lavelli, Alberto},
   TITLE = {FBK-irst : A Multi-Phase Kernel Based Approach for Drug-Drug Interaction Detection and Classification that Exploits Linguistic Information}}
@INPROCEEDINGS{semeval-029,
   AUTHOR = {Marchand, Morgane and Ginsca, Alexandru and Besançon, Romaric and Mesnard, Olivier},
   SORTNAME = {Marchand, Morgane and Ginsca, Alexandru and Besancon, Romaric and Mesnard, Olivier},
   TITLE = {[LVIC-LIMSI]: Using Syntactic Features and Multi-polarity Words for Sentiment Analysis in Twitter}}
@INPROCEEDINGS{semeval-003,
   AUTHOR = {Tan, Liling and Bond, Francis},
   SORTNAME = {Tan, Liling and Bond, Francis},
   TITLE = {XLING: Matching Query Sentences to a Parallel Corpus using Topic Models for WSD}}
@INPROCEEDINGS{semeval-030,
   AUTHOR = {Bicici, Ergun and van Genabith, Josef},
   SORTNAME = {Bicici, Ergun and van Genabith, Josef},
   TITLE = {CNGL: Grading Student Answers by Acts of Translation}}
@INPROCEEDINGS{semeval-031,
   AUTHOR = {Thomas, Philippe and Neves, Mariana and Rocktäschel, Tim and Leser, Ulf},
   SORTNAME = {Thomas, Philippe and Neves, Mariana and Rocktaschel, Tim and Leser, Ulf},
   TITLE = {WBI-DDI: Drug-Drug Interaction Extraction using Majority Voting}}
@INPROCEEDINGS{semeval-032,
   AUTHOR = {Bethard, Steven},
   SORTNAME = {Bethard, Steven},
   TITLE = {ClearTK-TimeML: A minimalist approach to TempEval 2013}}
@INPROCEEDINGS{semeval-033,
   AUTHOR = {Clark, Sam and Wicentwoski, Rich},
   SORTNAME = {Clark, Sam and Wicentwoski, Rich},
   TITLE = {SwatCS: Combining simple classifiers with estimated accuracy}}
@INPROCEEDINGS{semeval-034,
   AUTHOR = {Selmer, Øyvind and Brevik, Mikael and Gambäck, Björn and Bungum, Lars},
   SORTNAME = {Selmer, Øyvind and Brevik, Mikael and Gamback, Bjorn and Bungum, Lars},
   TITLE = {NTNU: Domain Semi-Independent Short Message Sentiment Classification}}
@INPROCEEDINGS{semeval-035,
   AUTHOR = {Malandrakis, Nikolaos and Kazemzadeh, Abe and Potamianos, Alexandros and Narayanan, Shrikanth},
   SORTNAME = {Malandrakis, Nikolaos and Kazemzadeh, Abe and Potamianos, Alexandros and Narayanan, Shrikanth},
   TITLE = {SAIL: A hybrid approach to sentiment analysis}}
@INPROCEEDINGS{semeval-036,
   AUTHOR = {Schwab, Didier and Tchechmedjiev, Andon and Goulian, Jérôme and Nasiruddin, Mohammad and Sérasset, Gilles and Blanchon, Hervé},
   SORTNAME = {Schwab, Didier and Tchechmedjiev, Andon and Goulian, Jerome and Nasiruddin, Mohammad and Serasset, Gilles and Blanchon, Herve},
   TITLE = {GETALP System : Propagation of a Lesk Measure through an Ant Colony Algorithm}}
@INPROCEEDINGS{semeval-037,
   AUTHOR = {Filannino, Michele and Brown, Gavin and Nenadic, Goran},
   SORTNAME = {Filannino, Michele and Brown, Gavin and Nenadic, Goran},
   TITLE = {ManTIME: Temporal expression identification and normalization in the TempEval-3 challenge}}
@INPROCEEDINGS{semeval-038,
   AUTHOR = {Rocktäschel, Tim and Huber, Torsten and Weidlich, Michael and Leser, Ulf},
   SORTNAME = {Rocktaschel, Tim and Huber, Torsten and Weidlich, Michael and Leser, Ulf},
   TITLE = {WBI-NER: The impact of domain-specific features on the performance of identifying and classifying mentions of drugs}}
@INPROCEEDINGS{semeval-039,
   AUTHOR = {Strötgen, Jannik and Zell, Julian and Gertz, Michael},
   SORTNAME = {Strotgen, Jannik and Zell, Julian and Gertz, Michael},
   TITLE = {HeidelTime: Tuning English and Developing Spanish  Resources for TempEval-3}}
@INPROCEEDINGS{semeval-004,
   AUTHOR = {Wartena, Christian},
   SORTNAME = {Wartena, Christian},
   TITLE = {HsH: Estimating Semantic Similarity of Words and Short Phrases with Frequency Normalized Distance Measures}}
@INPROCEEDINGS{semeval-040,
   AUTHOR = {UzZaman, Naushad and Llorens, Hector and Derczynski, Leon and Allen, James and Verhagen, Marc and Pustejovsky, James},
   SORTNAME = {UzZaman, Naushad and Llorens, Hector and Derczynski, Leon and Allen, James and Verhagen, Marc and Pustejovsky, James},
   TITLE = {SemEval-2013 Task 1: TempEval-3: Evaluating Time Expressions, Events, and Temporal Relations}}
@INPROCEEDINGS{semeval-041,
   AUTHOR = {Pedersen, Ted},
   SORTNAME = {Pedersen, Ted},
   TITLE = {Duluth : Word Sense Induction Applied to Web Page Clustering}}
@INPROCEEDINGS{semeval-042,
   AUTHOR = {Versley, Yannick},
   SORTNAME = {Versley, Yannick},
   TITLE = {SFS-TUE: Compound Paraphrasing with a Language Model and Discriminative Reranking}}
@INPROCEEDINGS{semeval-043,
   AUTHOR = {Negri, Matteo and Marchetti, Alessandro and Mehdad, Yashar and Bentivogli, Luisa and Giampiccolo, Danilo},
   SORTNAME = {Negri, Matteo and Marchetti, Alessandro and Mehdad, Yashar and Bentivogli, Luisa and Giampiccolo, Danilo},
   TITLE = {Semeval-2013 Task 8: Cross-lingual Textual Entailment for Content Synchronization}}
@INPROCEEDINGS{semeval-044,
   AUTHOR = {van Gompel, Maarten and van den Bosch, Antal},
   SORTNAME = {van Gompel, Maarten and van den Bosch, Antal},
   TITLE = {WSD2: Parameter optimisation for Memory-based Cross-Lingual Word-Sense Disambiguation}}
@INPROCEEDINGS{semeval-045,
   AUTHOR = {Dávila, Héctor and Fernández Orquín, Antonio and Chávez, Alexander and Gutiérrez, Yoan and Collazo, Armando and Abreu, José I. and Montoyo, Andrés and Muñoz, Rafael},
   SORTNAME = {Davila, Hector and Fernandez Orquin, Antonio and Chavez, Alexander and Gutierrez, Yoan and Collazo, Armando and Abreu, Jose I. and Montoyo, Andres and Munoz, Rafael},
   TITLE = {UMCC\_DLSI-(EPS): Paraphrases Detection Based on Semantic Distance}}
@INPROCEEDINGS{semeval-046,
   AUTHOR = {Collazo, Armando and Ceballo, Alberto and Puig, Dennys D. and Gutiérrez, Yoan and Abreu, José I. and Pérez, Roger and Fernández Orquín, Antonio and Montoyo, Andrés and Muñoz, Rafael and Camara, Franc},
   SORTNAME = {Collazo, Armando and Ceballo, Alberto and Puig, Dennys D. and Gutierrez, Yoan and Abreu, Jose I. and Perez, Roger and Fernandez Orquin, Antonio and Montoyo, Andres and Munoz, Rafael and Camara, Franc},
   TITLE = {UMCC\_DLSI: Semantic and Lexical features for detection and classification Drugs in biomedical texts}}
@INPROCEEDINGS{semeval-047,
   AUTHOR = {Gutiérrez, Yoan and Castañeda, Yenier and González, Andy and Estrada, Rainel and Piug, Dennys D. and Abreu, Jose I. and Pérez, Roger and Fernández Orquín, Antonio and Montoyo, Andrés and Muñoz, Rafael and Camara, Franc},
   SORTNAME = {Gutierrez, Yoan and Castaneda, Yenier and Gonzalez, Andy and Estrada, Rainel and Piug, Dennys D. and Abreu, Jose I. and Perez, Roger and Fernandez Orquin, Antonio and Montoyo, Andres and Munoz, Rafael and Camara, Franc},
   TITLE = {UMCC\_DLSI: Reinforcing a Ranking Algorithm with Sense Frequencies and Multidimensional Semantic Resources to solve Multilingual Word Sense Disambiguation}}
@INPROCEEDINGS{semeval-048,
   AUTHOR = {Gutiérrez, Yoan and González, Andy and Pérez, Roger and Abreu, José I. and Fernández Orquín, Antonio and Mosquera, Alejandro and Montoyo, Andrés and Muñoz, Rafael and Camara, Franc},
   SORTNAME = {Gutierrez, Yoan and Gonzalez, Andy and Perez, Roger and Abreu, Jose I. and Fernandez Orquin, Antonio and Mosquera, Alejandro and Montoyo, Andres and Munoz, Rafael and Camara, Franc},
   TITLE = {UMCC\_DLSI-(SA): Using a ranking algorithm and informal features to solve Sentiment Analysis in Twitter}}
@INPROCEEDINGS{semeval-049,
   AUTHOR = {Bokharaeian, Behrouz and DIAZ, ALBERTO},
   SORTNAME = {Bokharaeian, Behrouz and DIAZ, ALBERTO},
   TITLE = {NIL\_UCM: Extracting Drug-Drug interactions from text through combination of sequence and tree kernels}}
@INPROCEEDINGS{semeval-005,
   AUTHOR = {Castellucci, Giuseppe and Filice, Simone and Croce, Danilo and Basili, Roberto},
   SORTNAME = {Castellucci, Giuseppe and Filice, Simone and Croce, Danilo and Basili, Roberto},
   TITLE = {UNITOR: Combining Syntactic and Semantic Kernels for Twitter Sentiment Analysis}}
@INPROCEEDINGS{semeval-050,
   AUTHOR = {Zavarella, Vanni and Tanev, Hristo},
   SORTNAME = {Zavarella, Vanni and Tanev, Hristo},
   TITLE = {FSS-TimEx for TempEval-3: Extracting Temporal Information from Text}}
@INPROCEEDINGS{semeval-051,
   AUTHOR = {Remus, Robert},
   SORTNAME = {Remus, Robert},
   TITLE = {ASVUniOfLeipzig: Sentiment Analysis in Twitter using Data-driven Machine Learning Techniques}}
@INPROCEEDINGS{semeval-052,
   AUTHOR = {Bastianelli, Emanuele and Croce, Danilo and Basili, Roberto and Nardi, Daniele},
   SORTNAME = {Bastianelli, Emanuele and Croce, Danilo and Basili, Roberto and Nardi, Daniele},
   TITLE = {UNITOR-HMM-TK: Structured Kernel-based learning for Spatial Role Labeling}}
@INPROCEEDINGS{semeval-053,
   AUTHOR = {Hamdan, Hussam and Béchet, Frederic and Bellot, Patrice},
   SORTNAME = {Hamdan, Hussam and Bechet, Frederic and Bellot, Patrice},
   TITLE = {Experiments with DBpedia, WordNet and SentiWordNet as resources for sentiment analysis in micro-blogging}}
@INPROCEEDINGS{semeval-054,
   AUTHOR = {Balahur, Alexandra},
   SORTNAME = {Balahur, Alexandra},
   TITLE = {OPTWIMA: Comparing Knowledge-rich and Knowledge-poor Approaches for Sentiment Analysis in Short Informal Texts}}
@INPROCEEDINGS{semeval-055,
   AUTHOR = {Björne, Jari and Kaewphan, Suwisa and Salakoski, Tapio},
   SORTNAME = {Bjorne, Jari and Kaewphan, Suwisa and Salakoski, Tapio},
   TITLE = {UTurku: Drug Named Entity Recognition and Drug-Drug Interaction Extraction Using SVM Classification and Domain Knowledge}}
@INPROCEEDINGS{semeval-056,
   AUTHOR = {Chowdhury, Md. Faisal Mahbub and Guerini, Marco and Tonelli, Sara and Lavelli, Alberto},
   SORTNAME = {Chowdhury, Md. Faisal Mahbub and Guerini, Marco and Tonelli, Sara and Lavelli, Alberto},
   TITLE = {FBK: Sentiment Analysis in Twitter with Tweetsted}}
@INPROCEEDINGS{semeval-057,
   AUTHOR = {Gezici, Gizem and Dehkharghani, Rahim and Yanikoglu, Berrin and Tapucu, Dilek and Saygin, Yucel},
   SORTNAME = {Gezici, Gizem and Dehkharghani, Rahim and Yanikoglu, Berrin and Tapucu, Dilek and Saygin, Yucel},
   TITLE = {SU-Sentilab : A Classification System for Sentiment Analysis in Twitter}}
@INPROCEEDINGS{semeval-058,
   AUTHOR = {Jung, Hyuckchul and Stent, Amanda},
   SORTNAME = {Jung, Hyuckchul and Stent, Amanda},
   TITLE = {ATT1: Temporal Annotation Using Big Windows and Rich Syntactic and Semantic Features}}
@INPROCEEDINGS{semeval-059,
   AUTHOR = {Rosenthal, Sara and McKeown, Kathy},
   SORTNAME = {Rosenthal, Sara and McKeown, Kathy},
   TITLE = {Columbia NLP: Sentiment Detection of Subjective Phrases in Social Media}}
@INPROCEEDINGS{semeval-006,
   AUTHOR = {Rudnick, Alex and Liu, Can and Gasser, Michael},
   SORTNAME = {Rudnick, Alex and Liu, Can and Gasser, Michael},
   TITLE = {HLTDI: CL-WSD Using Markov Random Fields for SemEval-2013 Task 10}}
@INPROCEEDINGS{semeval-060,
   AUTHOR = {Kouylekov, Milen and Dini, Luca and Bosca, Alessio and Trevisan, Marco},
   SORTNAME = {Kouylekov, Milen and Dini, Luca and Bosca, Alessio and Trevisan, Marco},
   TITLE = {Celi: EDITS and Generic Text Pair Classification}}
@INPROCEEDINGS{semeval-061,
   AUTHOR = {Gleize, Martin and Grau, Brigitte},
   SORTNAME = {Gleize, Martin and Grau, Brigitte},
   TITLE = {LIMSIILES: Basic English Substitution for Student Answer Assessment at SemEval 2013}}
@INPROCEEDINGS{semeval-062,
   AUTHOR = {Surtani, Nitesh and Batra, Arpita and Ghosh, Urmi and Paul, Soma},
   SORTNAME = {Surtani, Nitesh and Batra, Arpita and Ghosh, Urmi and Paul, Soma},
   TITLE = {IIIT-H: A Corpus-Driven Co-occurrence Based Probabilistic Model for Noun Compound Paraphrasing}}
@INPROCEEDINGS{semeval-063,
   AUTHOR = {Rodriguez-Penagos, Carlos and Atserias Batalla, Jordi and Codina-Filbà, Joan and García-Narbona, David and Grivolla, Jens and Lambert, Patrik and Saurí, Roser},
   SORTNAME = {Rodriguez-Penagos, Carlos and Atserias Batalla, Jordi and Codina-Filba, Joan and Garcia-Narbona, David and Grivolla, Jens and Lambert, Patrik and Sauri, Roser},
   TITLE = {FBM: Combining lexicon-based ML and heuristics for Social Media Polarities}}
@INPROCEEDINGS{semeval-064,
   AUTHOR = {Moreira, Silvio and Filgueiras, João and Martins, Bruno and Couto, Francisco and Silva, Mário J.},
   SORTNAME = {Moreira, Silvio and Filgueiras, Joao and Martins, Bruno and Couto, Francisco and Silva, Mario J.},
   TITLE = {REACTION: A naive machine learning approach for sentiment classification}}
@INPROCEEDINGS{semeval-065,
   AUTHOR = {Navigli, Roberto and Jurgens, David and Vannella, Daniele},
   SORTNAME = {Navigli, Roberto and Jurgens, David and Vannella, Daniele},
   TITLE = {SemEval-2013 Task 12: Multilingual Word Sense Disambiguation}}
@INPROCEEDINGS{semeval-066,
   AUTHOR = {Chawla, Karan and Ramteke, Ankit and Bhattacharyya, Pushpak},
   SORTNAME = {Chawla, Karan and Ramteke, Ankit and Bhattacharyya, Pushpak},
   TITLE = {IITB-Sentiment-Analysts: Participation in Sentiment Analysis in Twitter SemEval 2013 Task}}
@INPROCEEDINGS{semeval-067,
   AUTHOR = {Ortega Bueno, Reynier and Fonseca Bruzón, Adrian and Gutiérrez, Yoan and Montoyo, Andres},
   SORTNAME = {Ortega Bueno, Reynier and Fonseca Bruzon, Adrian and Gutierrez, Yoan and Montoyo, Andres},
   TITLE = {SSA-UO: Unsupervised Sentiment Analysis in Twitter}}
@INPROCEEDINGS{semeval-068,
   AUTHOR = {Navigli, Roberto and Vannella, Daniele},
   SORTNAME = {Navigli, Roberto and Vannella, Daniele},
   TITLE = {SemEval-2013 Task 11: Word Sense Induction and Disambiguation within an End-User Application}}
@INPROCEEDINGS{semeval-069,
   AUTHOR = {Kolya, Anup Kumar and Kundu, Amitava and Gupta, Rajdeep and Ekbal, Asif and Bandyopadhyay, Sivaji},
   SORTNAME = {Kolya, Anup Kumar and Kundu, Amitava and Gupta, Rajdeep and Ekbal, Asif and Bandyopadhyay, Sivaji},
   TITLE = {JU\_CSE: A CRF Based Approach to Annotation of Temporal Expression, Event and Temporal Relations}}
@INPROCEEDINGS{semeval-007,
   AUTHOR = {Hope, David and Keller, Bill},
   SORTNAME = {Hope, David and Keller, Bill},
   TITLE = {UoS: A Graph-Based System for Graded Word Sense Induction}}
@INPROCEEDINGS{semeval-070,
   AUTHOR = {Korkontzelos, Ioannis and Zesch, Torsten and Zanzotto, Fabio Massimo and Biemann, Chris},
   SORTNAME = {Korkontzelos, Ioannis and Zesch, Torsten and Zanzotto, Fabio Massimo and Biemann, Chris},
   TITLE = {SemEval-2013 Task 5: Evaluating Phrasal Semantics}}
@INPROCEEDINGS{semeval-071,
   AUTHOR = {Grego, Tiago and Pinto, Francisco and Couto, Francisco M},
   SORTNAME = {Grego, Tiago and Pinto, Francisco and Couto, Francisco M},
   TITLE = {LASIGE: using Conditional Random Fields and ChEBI ontology}}
@INPROCEEDINGS{semeval-072,
   AUTHOR = {Behera, Satyabrata and Gaikwad, Upasana and Bairi, Ramakrishna and Ramakrishnan, Ganesh},
   SORTNAME = {Behera, Satyabrata and Gaikwad, Upasana and Bairi, Ramakrishna and Ramakrishnan, Ganesh},
   TITLE = {SATTY : Word Sense Induction Application in Web Search Clustering}}
@INPROCEEDINGS{semeval-073,
   AUTHOR = {Rastegar-Mojarad, Majid and Boyce, Richard D. and Prasad, Rashmi},
   SORTNAME = {Rastegar-Mojarad, Majid and Boyce, Richard D. and Prasad, Rashmi},
   TITLE = {UWM-TRIADS: Classifying Drug-Drug Interactions with Two-Stage SVM and Post-Processing}}
@INPROCEEDINGS{semeval-074,
   AUTHOR = {Saias, José and Fernandes, Hilário},
   SORTNAME = {Saias, Jose and Fernandes, Hilario},
   TITLE = {senti.ue-en: an approach for informally written short texts in SemEval-2013 Sentiment Analysis task}}
@INPROCEEDINGS{semeval-075,
   AUTHOR = {Chambers, Nate},
   SORTNAME = {Chambers, Nate},
   TITLE = {NavyTime: Event and Time Ordering from Raw Text}}
@INPROCEEDINGS{semeval-076,
   AUTHOR = {Segura-Bedmar, Isabel and Martínez, Paloma and Herrero Zazo, María},
   SORTNAME = {Segura-Bedmar, Isabel and Martinez, Paloma and Herrero Zazo, Maria},
   TITLE = {SemEval-2013 Task 9 : Extraction of Drug-Drug Interactions from Biomedical Texts (DDIExtraction 2013)}}
@INPROCEEDINGS{semeval-077,
   AUTHOR = {Jurgens, David and Klapaftis, Ioannis},
   SORTNAME = {Jurgens, David and Klapaftis, Ioannis},
   TITLE = {SemEval-2013 Task 13: Word Sense Induction for Graded and Non-Graded Senses}}
@INPROCEEDINGS{semeval-078,
   AUTHOR = {Zorn, Hans-Peter and Gurevych, Iryna},
   SORTNAME = {Zorn, Hans-Peter and Gurevych, Iryna},
   TITLE = {UKP-WSI: UKP Lab Semeval-2013 Task 11 System Description}}
@INPROCEEDINGS{semeval-079,
   AUTHOR = {Reckman, Hilke and Baird, Cheyanne and Crawford, Jean and Crowell, Richard and Micciulla, Linnea and Sethi, Saratendu and Veress, Fruzsina},
   SORTNAME = {Reckman, Hilke and Baird, Cheyanne and Crawford, Jean and Crowell, Richard and Micciulla, Linnea and Sethi, Saratendu and Veress, Fruzsina},
   TITLE = {teragram: Rule-based detection of sentiment phrases using SAS Sentiment Analysis}}
@INPROCEEDINGS{semeval-008,
   AUTHOR = {Günther, Tobias and Furrer, Lenz},
   SORTNAME = {Gunther, Tobias and Furrer, Lenz},
   TITLE = {GU-MLT-LT: Sentiment Analysis of Short Messages using Linguistic Features and Stochastic Gradient Descent}}
@INPROCEEDINGS{semeval-080,
   AUTHOR = {Han, Qi and Guo, Junfei and Schuetze, Hinrich},
   SORTNAME = {Han, Qi and Guo, Junfei and Schuetze, Hinrich},
   TITLE = {CodeX: Combining an SVM Classifier and Character N-gram Language Models for Sentiment Analysis on Twitter Text}}
@INPROCEEDINGS{semeval-081,
   AUTHOR = {Jain, Harshit and Mogadala, Aditya and Varma, Vasudeva},
   SORTNAME = {Jain, Harshit and Mogadala, Aditya and Varma, Vasudeva},
   TITLE = {sielers : Feature Analysis and Polarity Classification of Expressions from Twitter and SMS Data}}
@INPROCEEDINGS{semeval-082,
   AUTHOR = {Baskaya, Osman and Sert, Enis and Cirik, Volkan and Yuret, Deniz},
   SORTNAME = {Baskaya, Osman and Sert, Enis and Cirik, Volkan and Yuret, Deniz},
   TITLE = {AI-KU: Using Substitute Vectors and Co-Occurrence Modeling For Word Sense Induction and Disambiguation}}
@INPROCEEDINGS{semeval-083,
   AUTHOR = {Van de Cruys, Tim and Afantenos, Stergos and Muller, Philippe},
   SORTNAME = {Van de Cruys, Tim and Afantenos, Stergos and Muller, Philippe},
   TITLE = {MELODI: Semantic Similarity of Words and Compositional Phrases using Latent Vector Weighting}}
@INPROCEEDINGS{semeval-084,
   AUTHOR = {Agrawal, Ameeta and An, Aijun},
   SORTNAME = {Agrawal, Ameeta and An, Aijun},
   TITLE = {Kea: Expression-level Sentiment Analysis from Twitter Data}}
@INPROCEEDINGS{semeval-085,
   AUTHOR = {Van de Cruys, Tim and Afantenos, Stergos and Muller, Philippe},
   SORTNAME = {Van de Cruys, Tim and Afantenos, Stergos and Muller, Philippe},
   TITLE = {MELODI: A Supervised Distributional Approach for Free Paraphrasing of Noun Compounds}}
@INPROCEEDINGS{semeval-086,
   AUTHOR = {Dzikovska, Myroslava and Nielsen, Rodney and Brew, Chris and Leacock, Claudia and Giampiccolo, Danilo and Bentivogli, Luisa and Clark, Peter and Dagan, Ido and Dang, Hoa Trang},
   SORTNAME = {Dzikovska, Myroslava and Nielsen, Rodney and Brew, Chris and Leacock, Claudia and Giampiccolo, Danilo and Bentivogli, Luisa and Clark, Peter and Dagan, Ido and Dang, Hoa Trang},
   TITLE = {SemEval-2013 Task 7: The Joint Student Response Analysis and 8th Recognizing Textual Entailment Challenge}}
@INPROCEEDINGS{semeval-087,
   AUTHOR = {Byrne, Lorna and Fenlon, Caroline and Dunnion, John},
   SORTNAME = {Byrne, Lorna and Fenlon, Caroline and Dunnion, John},
   TITLE = {IIRG: A Naive Approach to Evaluating Phrasal Semantics}}
@INPROCEEDINGS{semeval-088,
   AUTHOR = {Siblini, Reda and Kosseim, Leila},
   SORTNAME = {Siblini, Reda and Kosseim, Leila},
   TITLE = {ClaC: Semantic Relatedness of Words and Phrases}}
@INPROCEEDINGS{semeval-089,
   AUTHOR = {Mohammad, Saif and Kiritchenko, Svetlana and Zhu, Xiaodan},
   SORTNAME = {Mohammad, Saif and Kiritchenko, Svetlana and Zhu, Xiaodan},
   TITLE = {NRC-Canada: Building the State-of-the-Art in Sentiment Analysis of Tweets}}
@INPROCEEDINGS{semeval-009,
   AUTHOR = {Becker, Lee and Erhart, George and Skiba, David and Matula, Valentine},
   SORTNAME = {Becker, Lee and Erhart, George and Skiba, David and Matula, Valentine},
   TITLE = {AVAYA: Sentiment Analysis on Twitter with Self-Training and Polarity Lexicon Expansion}}
@INPROCEEDINGS{semeval-090,
   AUTHOR = {Carpuat, Marine},
   SORTNAME = {Carpuat, Marine},
   TITLE = {NRC: A Machine Translation Approach to Cross-Lingual Word Sense Disambiguation (SemEval-2013 Task 10)}}
@INPROCEEDINGS{semeval-091,
   AUTHOR = {Negi, Sapna and Rosner, Michael},
   SORTNAME = {Negi, Sapna and Rosner, Michael},
   TITLE = {UoM: Using Explicit Semantic Analysis for Classifying Sentiments}}
@INPROCEEDINGS{semeval-092,
   AUTHOR = {Hendrickx, Iris and Kozareva, Zornitsa and Nakov, Preslav and Ó Séaghdha, Diarmuid and Szpakowicz, Stan and Veale, Tony},
   SORTNAME = {Hendrickx, Iris and Kozareva, Zornitsa and Nakov, Preslav and O Seaghdha, Diarmuid and Szpakowicz, Stan and Veale, Tony},
   TITLE = {SemEval-2013 Task 4: Free Paraphrases of Noun Compounds}}
@INPROCEEDINGS{semeval-093,
   AUTHOR = {Jimenez, Sergio and Becerra, Claudia and Gelbukh, Alexander},
   SORTNAME = {Jimenez, Sergio and Becerra, Claudia and Gelbukh, Alexander},
   TITLE = {SOFTCARDINALITY: Learning to Identify Directional Cross-Lingual Entailment from Cardinalities and SMT}}
@INPROCEEDINGS{semeval-094,
   AUTHOR = {Baugh, Wesley},
   SORTNAME = {Baugh, Wesley},
   TITLE = {bwbaugh : Hierarchical sentiment analysis with partial self-training}}
@INPROCEEDINGS{semeval-095,
   AUTHOR = {Jimenez, Sergio and Becerra, Claudia and Gelbukh, Alexander},
   SORTNAME = {Jimenez, Sergio and Becerra, Claudia and Gelbukh, Alexander},
   TITLE = {SOFTCARDINALITY: Hierarchical Text Overlap for Student Response Analysis}}
@INPROCEEDINGS{semeval-096,
   AUTHOR = {Chang, Angel and Manning, Christopher D.},
   SORTNAME = {Chang, Angel and Manning, Christopher D.},
   TITLE = {SUTime: Evaluation in TempEval-3}}
@INPROCEEDINGS{semeval-097,
   AUTHOR = {OKOYE, IFEYINWA and Bethard, Steven and Sumner, Tamara},
   SORTNAME = {OKOYE, IFEYINWA and Bethard, Steven and Sumner, Tamara},
   TITLE = {CU : Computational Assessment of Short Free Text Answers - A Tool for Evaluating Students' Understanding}}
@INPROCEEDINGS{semeval-098,
   AUTHOR = {Jimenez, Sergio and Becerra, Claudia and Gelbukh, Alexander},
   SORTNAME = {Jimenez, Sergio and Becerra, Claudia and Gelbukh, Alexander},
   TITLE = {UNAL: Discriminating between Literal and Figurative Phrasal Usage Using Distributional Statistics and POS tags}}
@INPROCEEDINGS{semeval-099,
   AUTHOR = {palanisamy, Prabu and Yadav, Vineet and Elchuri, Harsha},
   SORTNAME = {palanisamy, Prabu and Yadav, Vineet and Elchuri, Harsha},
   TITLE = {Serendio: Simple and Practical lexicon based approach to Sentiment Analysis}}
