@INPROCEEDINGS{NLP4ITA2013-010,
   AUTHOR = {Barbu, Eduard and Martín-Valdivia, Maria Teresa and Ureña-López, Luis Alfonso},
   SORTNAME = {Barbu, Eduard and Martin-Valdivia, Maria Teresa and Urena-Lopez, Luis Alfonso},
   TITLE = {Open Book: a tool for helping ASD users' semantic comprehension}}
@INPROCEEDINGS{NLP4ITA2013-002,
   AUTHOR = {Burstein, Jill and Sabatini, John and Shore, Jane and Moulder, Brad and Lentini, Jennifer},
   SORTNAME = {Burstein, Jill and Sabatini, John and Shore, Jane and Moulder, Brad and Lentini, Jennifer},
   TITLE = {A User Study: Technology to Increase Teachers' Linguistic Awareness to Improve Instructional Language Support for English Language Learners}}
@INPROCEEDINGS{NLP4ITA2013-003,
   AUTHOR = {Bautista, Susana and Hervás, Raquel and Gervás, Pablo and Power, Richard and Williams, Sandra},
   SORTNAME = {Bautista, Susana and Hervas, Raquel and Gervas, Pablo and Power, Richard and Williams, Sandra},
   TITLE = {A System for the Simplification of Numerical Expressions at Different Levels of Understandability}}
@INPROCEEDINGS{NLP4ITA2013-005,
   AUTHOR = {Flor, Michael and Beigman Klebanov, Beata and Sheehan, Kathleen M.},
   SORTNAME = {Flor, Michael and Beigman Klebanov, Beata and Sheehan, Kathleen M.},
   TITLE = {Lexical Tightness and Text Complexity}}
@INPROCEEDINGS{NLP4ITA2013-006,
   AUTHOR = {Eskenazi, Maxine and Lin, Yibin and Saz, Oscar},
   SORTNAME = {Eskenazi, Maxine and Lin, Yibin and Saz, Oscar},
   TITLE = {Tools for non-native readers: the case for translation and simplification}}
@INPROCEEDINGS{NLP4ITA2013-007,
   AUTHOR = {Sheehan, Kathleen M. and Flor, Michael and Napolitano, Diane},
   SORTNAME = {Sheehan, Kathleen M. and Flor, Michael and Napolitano, Diane},
   TITLE = {A Two-Stage Approach for Generating Unbiased Estimates of Text Complexity}}
