@INPROCEEDINGS{Meta4NLP2013-001,
   AUTHOR = {Wilks, Yorick and Dalton, Adam and Allen, James and Galescu, Lucian},
   SORTNAME = {Wilks, Yorick and Dalton, Adam and Allen, James and Galescu, Lucian},
   TITLE = {Automatic Metaphor Detection using Large-Scale Lexical Resources and Conventional Metaphor Extraction}}
@INPROCEEDINGS{Meta4NLP2013-012,
   AUTHOR = {Jamrozik, Anja and Sagi, Eyal and Goldwater, Micah and Gentner, Dedre},
   SORTNAME = {Jamrozik, Anja and Sagi, Eyal and Goldwater, Micah and Gentner, Dedre},
   TITLE = {Relational words have high metaphoric potential}}
@INPROCEEDINGS{Meta4NLP2013-013,
   AUTHOR = {Heintz, Ilana and Gabbard, Ryan and Srivastava, Mahesh and Barner, Dave and Black, Donald and Friedman, Majorie and Weischedel, Ralph},
   SORTNAME = {Heintz, Ilana and Gabbard, Ryan and Srivastava, Mahesh and Barner, Dave and Black, Donald and Friedman, Majorie and Weischedel, Ralph},
   TITLE = {Automatic Extraction of Linguistic Metaphors with LDA Topic Modeling}}
@INPROCEEDINGS{Meta4NLP2013-014,
   AUTHOR = {Badryzlova, Yulia and Shekhtman, Natalia and Isaeva, Yekaterina and Kerimov, Ruslan},
   SORTNAME = {Badryzlova, Yulia and Shekhtman, Natalia and Isaeva, Yekaterina and Kerimov, Ruslan},
   TITLE = {Annotating a Russian corpus of conceptual metaphor: a bottom-up approach}}
@INPROCEEDINGS{Meta4NLP2013-002,
   AUTHOR = {Dunn, Jonathan},
   SORTNAME = {Dunn, Jonathan},
   TITLE = {What metaphor identification systems can tell us about metaphor-in-language}}
@INPROCEEDINGS{Meta4NLP2013-003,
   AUTHOR = {Beigman Klebanov, Beata and Flor, Michael},
   SORTNAME = {Beigman Klebanov, Beata and Flor, Michael},
   TITLE = {Argumentation-Relevant Metaphors in Test-Taker Essays}}
@INPROCEEDINGS{Meta4NLP2013-005,
   AUTHOR = {Strzalkowski, Tomek and Broadwell, George Aaron and Taylor, Sarah and Feldman, Laurie and Shaikh, Samira and Liu, Ting and Yamrom, Boris and Cho, Kit and Boz, Umit and Cases, Ignacio and Elliot, Kyle},
   SORTNAME = {Strzalkowski, Tomek and Broadwell, George Aaron and Taylor, Sarah and Feldman, Laurie and Shaikh, Samira and Liu, Ting and Yamrom, Boris and Cho, Kit and Boz, Umit and Cases, Ignacio and Elliot, Kyle},
   TITLE = {Robust Extraction of Metaphor from Novel Data}}
@INPROCEEDINGS{Meta4NLP2013-006,
   AUTHOR = {Hovy, Dirk and Shrivastava, Shashank and Jauhar, Sujay Kumar and Sachan, Mrinmaya and Goyal, Kartik and Li, Huying and Sanders, Whitney and Hovy, Eduard},
   SORTNAME = {Hovy, Dirk and Shrivastava, Shashank and Jauhar, Sujay Kumar and Sachan, Mrinmaya and Goyal, Kartik and Li, Huying and Sanders, Whitney and Hovy, Eduard},
   TITLE = {Identifying Metaphorical Word Use with Tree Kernels}}
@INPROCEEDINGS{Meta4NLP2013-007,
   AUTHOR = {Mohler, Michael and Bracewell, David and Tomlinson, Marc and Hinote, David},
   SORTNAME = {Mohler, Michael and Bracewell, David and Tomlinson, Marc and Hinote, David},
   TITLE = {Semantic Signatures for Example-Based Linguistic Metaphor Detection}}
@INPROCEEDINGS{Meta4NLP2013-009,
   AUTHOR = {Tsvetkov, Yulia and Mukomel, Elena and Gershman, Anatole},
   SORTNAME = {Tsvetkov, Yulia and Mukomel, Elena and Gershman, Anatole},
   TITLE = {Cross-Lingual Metaphor Detection Using Common Semantic Features}}
